2524 3712
499 181 716 234 nsanrne.
1070 172 1112 236 69

159 335 380 411 benevolentia,
407 339 488 417 quod
517 360 659 418 persaepe
687 340 730 414 fit,
757 339 905 420 impediat
933 361 1058 421 magnas

159 417 308 477 utilitates
318 419 494 478 amicorum.
524 419 588 479 Nec
598 420 689 490 enim,
699 431 733 479 ut
744 421 784 480 ad
796 420 916 481 fabulas
927 423 1058 496 redeam,

159 495 282 575 Trojam
294 497 510 575 Neoptolemus
522 519 629 577 capere
640 500 793 576 potuisset,
805 501 830 559 si
845 500 1058 579 Lycomedem,

159 575 241 654 apud
263 596 351 654 quem
373 587 439 636 crat
459 577 614 650 educatus,
630 579 734 638 multis
755 599 824 638 cum
847 579 980 640 lacrimis
1000 581 1058 642 iter

158 675 247 714 suum
272 656 488 734 impedientem
512 657 619 716 audire
643 657 794 718 voluisset.
837 657 880 719 Et
903 680 991 739 saepe
1015 662 1058 720 in·
1091 662 1111 722 5

159 735 266 794 cidunt
291 756 419 813 magnae
444 757 499 809 res,
520 745 555 796 ut
579 737 793 796 discedendum
814 738 854 798 sit
875 739 914 798 ab
935 740 1057 812 amicis;

159 834 233 892 quas
255 815 308 892 qui
329 815 475 893 impedire
489 815 566 888 vult,
581 816 662 894 quod
684 817 865 878 desiderium
886 839 947 878 non
968 820 1057 880 facile

158 893 246 966 ferat,
261 895 286 952 is
300 903 330 953 et
344 894 482 954 infirmus
503 905 546 955 cst
567 895 727 974 mollisque
748 908 858 958 natura
879 907 909 958 et
929 899 967 958 ob
988 920 1055 958 eam

159 973 256 1051 ipsam
278 993 399 1033 causam
421 974 453 1033 in'
474 975 610 1035 amicitia
631 995 739 1054 parum
755 977 863 1056 justus.
906 977 1010 1056 Atque
1025 980 1056 1038 in

158 1053 241 1112 omni
257 1073 288 1112 re
302 1053 554 1113 considerandum
569 1063 622 1128 est,
634 1056 748 1135 etquid
759 1057 892 1136 postules
906 1057 945 1117 ab
959 1058 1056 1119 amico
1072 1059 1110 1120 10

159 1141 189 1192 et
204 1132 277 1210 quid
294 1134 410 1211 patiare
424 1153 443 1191 a
457 1143 487 1192 te
501 1133 666 1212 impetrari.

199 1209 295 1272 XXI.
324 1212 381 1272 Est
408 1213 499 1272 etiam
530 1214 680 1292 quaedam
709 1215 866 1276 calamitas
893 1215 925 1276 in
955 1217 1057 1277 amici·

158 1291 210 1352 tiis
230 1291 419 1352 dimittendis
439 1313 667 1372 nonnumquam
689 1297 872 1369 necessaria;
889 1297 954 1375 jam
975 1297 1056 1358 enim

158 1392 178 1431 a
198 1372 380 1449 sapientium
401 1372 662 1434 familiaritatibus
683 1376 722 1434 ad
745 1375 885 1453 vulgares
907 1377 1055 1437 amicitias

158 1452 256 1511 oratio
276 1462 378 1512 nostra
397 1452 559 1513 delabitur.
601 1453 778 1534 Erumpunt
791 1475 879 1534 saepe
893 1456 969 1516 vitia
982 1457 1055 1515 ami·
1071 1457 1109 1517 15

159 1551 263 1591 corum
285 1541 350 1591 tum
373 1532 403 1590 in
426 1533 505 1611 ipsos
526 1534 646 1606 amicos,
661 1544 726 1604 tum
742 1535 773 1594 iu
788 1535 911 1606 alienos,
926 1556 1055 1613 quorum

157 1622 261 1690 tamen
288 1613 328 1672 ad
356 1613 469 1674 amicos
498 1611 646 1672 redundet
669 1614 803 1674 infamia.
846 1611 934 1674 Tales
962 1616 1056 1693 igitur

158 1693 312 1754 amicitiae
332 1702 405 1756 sunt
429 1693 602 1753 remissione
626 1714 696 1753 usus
720 1693 866 1753 eluendae
886 1703 924 1766 et,
946 1704 980 1754 ut
1001 1694 1055 1754 Ca·

158 1781 260 1834 tonem
282 1773 381 1833 dicere
402 1773 516 1846 audivi,
532 1773 712 1833 dissuendae
720 1774 822 1852 'magis
841 1793 932 1851 quam
947 1773 1056 1833 discin-

157 1853 285 1924 dendae‚
300 1853 358 1912 nisi
374 1852 522 1932 quaedam
538 1853 703 1912 admodum
723 1853 922 1912 intolerabilis
943 1853 1055 1932 injuria
1069 1854 1108 1914 20

157 1933 314 2005 exarserit,
334 1943 368 1992 ut
388 1953 486 2011 neque
507 1941 623 1993 rectum
644 1952 741 2010 neque
762 1933 920 1992 honestum
940 1933 979 1993 sit
1000 1953 1054 1993 nec

158 2012 223 2072 fieri
251 2013 344 2091 possit
372 2023 407 2072 ut
433 2033 494 2072 non
526 2012 628 2072 statim
660 2011 804 2071 alienatio
833 2013 1055 2092 disjunctioque

157 2091 299 2154 facienda
312 2093 360 2152 sit.
401 2091 454 2152 sin
476 2102 578 2154 autem
599 2100 653 2151 aut
675 2112 790 2151 morum
812 2101 866 2151 aut
886 2092 1054 2152 studiorum

158 2173 354 2232 commutatio
368 2172 532 2250 quaedam,¹
542 2182 577 2232 ut
590 2171 654 2231 fieri
669 2171 753 2244 solet,
769 2171 851 2231 facta
871 2172 929 2230 erit
949 2181 1003 2230 aut
1022 2173 1053 2230 in

158 2251 201 2310 rei
217 2251 358 2330 publicae
371 2251 510 2332 partibus
518 2251 672 2312 ‘dissensio
689 2250 1053 2342 intercesserit-loquor
1069 2251 1107 2310 25

158 2331 237 2392 euim
249 2333 323 2410 jam,
339 2341 373 2390 ut
388 2331 480 2410 paulo
500 2340 571 2391 ante
585 2331 661 2403 dixi,
676 2351 735 2389 nou
750 2331 788 2388 de
802 2330 992 2408 sapientium,
1001 2331 1053 2390 sed

158 2411 196 2470 de
217 2411 427 2472 communibus
449 2410 828 2484 amicitiis—cavendum
853 2410 911 2469 erit
935 2430 972 2468 ne
993 2430 1053 2468 non

157 2489 255 2550 solum
271 2491 423 2550 amicitiae
436 2490 599 2568 depositae,
614 2491 665 2550 sed
685 2489 776 2550 etiam
795 2489 973 2548 inimicitiae
993 2509 1053 2548 sus·

157 2579 263 2650 ceptae
276 2570 456 2639 videarrtur;
478 2569 556 2629 nihil
573 2570 653 2629 enim
673 2579 718 2629 est
737 2567 855 2646 turpius
874 2588 964 2646 quam
984 2589 1052 2628 cum

157 2669 192 2710 eo
213 2649 327 2709 bellum
349 2669 460 2727 gerere,
475 2669 604 2728 quocum
626 2649 820 2708 familiariter
838 2648 959 2708 vixeris.
1001 2647 1053 2707 Ab
1069 2649 1107 2709 30

156 2729 292 2790 amicitia
314 2729 352 2821 q.
375 2729 511 2808 Pompeii
536 2750 602 2788 meo
626 2729 748 2788 nomine
768 2748 799 2787 se
820 2736 998 2799 removerat,
1020 2738 1054 2786 ut

154 2809 247 2884 scitis,
263 2808 312 2870 Sci
336 2829 383 2880 103
404 2818 526 2890 propter
540 2809 752 2868 dissensionem
767 2816 878 2879 autem,
893 2825 971 2883 quae
989 2816 1054 2866 erat

157 2888 189 2948 in
205 2831 383 2967 republica,
399 2888 548 2948 alienatus
562 2901 606 2948 cst
621 2909 639 2947 a
654 2887 770 2966 collega
788 2898 891 2946 nostro
911 2885 1052 2945 Metello:

157 2977 320 3046 utrumque
346 2968 408 3047 egit
431 2969 585 3046 graviter,
614 2968 796 3027 auctoritate
829 2974 859 3025 et
893 2966 1054 3025 offensione

155 3047 251 3108 animi
266 3067 325 3106 non
340 3047 457 3107 acerba.
488 3047 692 3124 Quamobrem
705 3047 834 3124 primum
848 3045 951 3104 danda
963 3065 1053 3123 opera
1069 3045 1107 3105 35

155 3137 209 3198 est,
225 3145 323 3204 nequa
344 3127 510 3186 amicorum
532 3127 660 3186 discidia
681 3127 775 3197 fiant;
797 3125 844 3184 sin
855 3125 921 3184 tale
935 3124 1052 3202 aliquid

155 3206 299 3278 evenerit,
307 3206 514 3266 utexstinctae
524 3207 622 3284 potius
634 3205 787 3264 amicitiae
796 3223 886 3282 quam
896 3224 1054 3282 oppressae

155 3283 327 3346 videantur.
355 3285 533 3345 Cavendum
544 3306 615 3346 vero
631 3285 775 3353 nectiam
791 3285 822 3342 in
837 3301 944 3360 graves
957 3283 1054 3341 iuimi-

155 3364 243 3426 citias
257 3374 437 3426 convertant
450 3385 482 3424 se
496 3365 657 3437 amicitiae,
669 3363 828 3442 exquibus
837 3361 951 3440 jurgia,
964 3361 1054 3422 male-
