2524 3712
161 207 181 270 6
230 249 233 254 -
419 223 458 268 n.
482 222 635 268 runnrr
657 221 888 270 cronacum

213 387 248 440 tu
263 379 442 440 occurrebas
452 378 562 458 dignus
576 400 611 439 eo
626 395 759 451 munere,
770 398 830 456 quo
841 386 968 456 uterque
979 387 1115 439 nostrum

215 460 416 520 communiter
450 469 594 518 uteretur.
630 458 729 516 {Mim
758 458 881 536 quidem
910 459 954 518 ita
978 458 1117 536 jucunda

214 536 305 617 hujus
320 540 391 598 libri
406 538 554 599 confectio
570 539 636 608 t'uit,
652 547 761 613 utnon
777 537 865 597 modo
888 559 990 597 omnes
1005 539 1117 599 abster-

214 620 287 678 serit
306 619 468 679 senectutis
489 618 649 688 molestias,
664 617 715 676 sed
732 618 864 677 effecerit
879 618 1001 677 mollem
1023 621 1115 679 etiam

182 697 246 758 bet
265 699 434 777 jucundam
455 707 647 758 senectutem.
692 697 870 775 Numquam
887 699 982 776 igitur
996 699 1115 760 laudari

213 780 287 838 satis
306 779 396 857 digne
414 777 607 857 philosophia
628 779 748 856 poterit,
764 779 814 837 cui
835 779 887 856 qui
908 787 1014 858 pareat
1028 800 1115 839 omne

214 867 333 937 tempus
353 860 459 919 aetatis
479 859 545 918 sine
564 858 704 918 molestia
724 859 818 938 possit
840 859 955 937 degere.
998 859 1056 919 Sed
1078 860 1115 919 de

215 939 321 998 ceteris
345 948 375 999 et
400 940 533 998 diximus
556 938 655 998 multa
680 948 710 999 et
738 959 827 1018 saepe
853 939 1005 998 dicemus:
1032 940 1115 998 hunc

216 1017 330 1078 librum
351 1019 391 1080 nd
405 1029 435 1079 te
449 1020 487 1078 de
500 1028 653 1079 senectute
674 1020 819 1097 misimus.
863 1018 993 1080 Omnem
1013 1029 1115 1080 nutem

162 1097 201 1160 10
214 1118 381 1158 sermonem
396 1099 558 1159 tribuimus
579 1118 640 1157 non
655 1098 797 1172 Tithono,
813 1109 847 1158 ut
863 1099 966 1160 Aristo
980 1099 1116 1171 Ceus,—

215 1197 324 1256 parum
348 1180 428 1239 enim
453 1188 529 1239 esset
553 1179 743 1239 auctoritatis
770 1179 801 1238 in
825 1177 1049 1252 fabula—sed
1070 1177 1113 1239 M.

215 1257 324 1318 Catoni
333 1259 406 1332 seni,
417 1280 476 1337 quo
488 1261 632 1338 majorem
645 1260 855 1320 auctoritatem
869 1258 994 1320 haberet
1004 1258 1115 1319 oratio:

215 1338 298 1415 apud
309 1359 397 1416 quem
410 1339 549 1399 Laelium
562 1346 593 1398 et
602 1338 774 1417 Scipionem
785 1339 913 1399 facimus
922 1339 1115 1411 admirantes,

214 1418 295 1494 quod
317 1421 341 1478 is
361 1428 425 1479 tam
440 1418 531 1479 facile
551 1428 736 1478 senectutem
759 1418 845 1492 ferat,
867 1419 962 1497 iisque
983 1415 1050 1479 eum
1072 1439 1115 1478 re·

163 1495 201 1556 15
215 1498 421 1576 spondentem.
464 1499 527 1576 Qui
554 1497 580 1559 si
609 1499 757 1572 eruditius
784 1499 938 1560 videbitur
962 1499 1135 1578 disputare,

215 1596 307 1654 quam
329 1579 485 1639 consuevit
506 1580 569 1657 ipse
590 1578 622 1638 in
644 1579 705 1637 suis
721 1578 817 1649 libris,
833 1579 993 1652 attribuito
1007 1579 1116 1639 litteris
1128 1601 1171 1634 tw
1191 1629 1196 1636 .

214 1655 347 1732 Graecis,
362 1680 491 1738 quarum
512 1667 631 1719 constat
653 1679 721 1717 eum
737 1659 958 1737 perstudiosum
973 1659 1063 1717 fuisse
1083 1657 1116 1717 in

213 1748 374 1799 senectute.
417 1739 476 1799 Sed
490 1739 565 1817 quid
580 1758 656 1817 opus
678 1747 723 1798 est
738 1737 849 1816 plura?
890 1737 963 1798 Jum
976 1738 1056 1797 enim
1071 1737 1115 1816 ip·

214 1815 275 1876 sius
303 1818 427 1878 Catonis
454 1839 550 1879 sermo
580 1818 750 1897 explicabit
775 1826 910 1877 nostram
935 1837 1055 1878 omnem
1078 1817 1116 1878 de

160 1894 201 1959 20
214 1907 368 1972 serectute
381 1900 571 1959 sententiam.

176 2026 181 2032 ,.
261 1977 304 2038 ΙΙ.
326 1977 445 2039 Sulmo.
467 1979 689 2057 Saepenumero
712 1976 858 2038 admirari
878 1977 958 2039 soleo
975 1998 1044 2039 eum
1058 1976 1116 2038 hoc

214 2060 247 2122 C.
263 2058 367 2118 Laelio
384 2079 478 2137 quum
497 2068 665 2118 ceterorum
685 2078 786 2116 rerum
804 2067 890 2118 tuam
907 2057 1115 2130 excellentem,

213 2141 256 2202 M.
272 2138 356 2212 Cato,
371 2139 595 2217 perfectamque
617 2137 809 2216 sapientiam,
825 2146 890 2197 tum
912 2138 962 2199 vel
983 2138 1117 2198 maxime

214 2219 295 2300 quod
309 2239 475 2296 numquam
485 2218 542 2278 tibi
555 2227 741 2278 senectutem
758 2238 882 2296 gravem
894 2237 956 2278 esse
964 2217 1116 2289 senserim,

160 2299 199 2360 25
214 2320 280 2379 quae
294 2298 443 2378 plerisque
458 2297 577 2358 senibus
593 2298 636 2357 sic
652 2297 757 2357 odiosa
773 2306 825 2371 est,
837 2306 872 2356 ut
886 2316 961 2357 onus
975 2317 1006 2357 se
1014 2295 1117 2358 Aetna

212 2381 337 2460 gravius
352 2378 456 2438 dicant
469 2379 624 2438 sustinere.

253 2460 351 2520 Cure.
374 2457 451 2518 Rem
472 2457 555 2516 haud
577 2479 658 2530 suno,
675 2457 777 2537 Scipio
799 2466 829 2517 et
849 2455 947 2530 Laeli,
963 2455 1116 2517 difficilem

214 2539 360 2603 admirari
380 2539 535 2600 videmini.
580 2539 703 2615 Quibus
725 2539 805 2597 enim
826 2537 906 2596 nihil
927 2546 971 2597 est
992 2538 1022 2596 in
1045 2537 1117 2616 ipsis

213 2621 278 2702 opis
302 2619 342 2682 ad
367 2616 443 2694 bene
468 2618 614 2697 beateque
641 2619 817 2690 vivendum,
844 2617 881 2677 iis
909 2618 1005 2676 omnis
1034 2625 1116 2676 aetas

160 2701 199 2762 30
213 2700 315 2778 gravis
329 2707 386 2770 est3
409 2699 461 2776 qui
482 2709 583 2760 autem
604 2699 707 2759 omnia
728 2699 808 2758 bona
829 2719 848 2756 a
869 2719 899 2755 se
914 2697 1115 2782 ipsssqpctunt

213 2780 249 2838 iis
264 2778 339 2838 nihil
356 2787 453 2857 potest
469 2779 584 2843 malum
599 2779 697 2840 videri
713 2779 794 2856 quod
810 2787 937 2836 naturae
959 2778 1117 2836 nenessitas

213 2859 327 2919 afferat.
370 2858 440 2935 Quo
461 2859 492 2917 in
515 2880 623 2937 genere
637 2859 728 2918 est¹in
745 2859 999 2936 primistscncctu:
1024 2875 1116 2934 quam

212 2939 962 3017 utadipisconturomneaoptant‚cau(lemaccusat
1008 2937 1120 3014 ulnpti:

213 3029 300 3079 tanta
314 3027 357 3078 est
368 3019 516 3078 stultitiae
528 3020 731 3078 inconstantia
743 3033 833 3097 utque
845 3021 1033 3096 perversitas.
1056 3015 1116 3075 Ob·

161 3100 198 3160 35
213 3119 316 3177 repere
330 3099 417 3157 aiunt
432 3119 497 3156 eam
514 3099 602 3157 eitius
617 3120 707 3176 quam
726 3101 923 3176 putavissent.
969 3097 1115 3167 Primum,

213 3179 280 3257 qum
295 3178 392 3256 coegit
407 3198 455 3236 eos
470 3177 580 3236 lirlsum
596 3181 725 3256 putare?
769 3180 831 3254 Qui
847 3180 926 3238 enim
944 3178 1031 3236 citius
1047 3176 1116 3236 ado-

213 3257 375 3317 lescentiae
389 3266 534 3328 senectus,
546 3277 638 3334 quam
655 3259 802 3334 pueritiae
817 3258 1020 3318 adolescentia
1034 3257 1117 3317 obre·

215 3339 280 3416 pit?
323 3335 451 3406 Deinde,
467 3336 519 3412 qui
541 3337 640 3394 minus
661 3338 763 3414 gravis
785 3346 860 3397 esset
875 3339 910 3398 iis
931 3349 1076 3410 senectus,
1091 3337 1117 3396 si

213 3415 495 3494 octingentesimum
517 3435 632 3474 annum
655 3424 788 3495 agerent,
812 3438 903 3496 quam
926 3419 951 3492 si
975 3417 1117 3498 octogesi-
