2524 3712
507 215 624 264 caro
653 213 817 261 nauca.
1067 191 1109 256 13

155 380 217 434 tem
239 393 258 433 a
278 393 311 434 re
331 372 476 434 familiari
497 378 686 432 removerent
702 369 828 448 judicos.
870 367 948 428 Tum
962 385 1055 428 senex

156 453 269 513 dicitur
288 474 356 514 eam
377 451 523 524 fabulam,
539 473 631 529 quam
655 454 686 508 in
710 451 850 508 inanibus
871 447 1005 508 habebat
1025 455 1055 506 et

156 534 297 611 proxime
330 533 499 610 scripserat,
528 532 678 609 Oedipum
712 529 886 602 Coloneum,
915 529 1055 587 recitasse

161 613 317 686 judicibus
332 613 547 691 quaesisseque,
562 632 636 669 num
651 610 728 669 illud
745 629 864 668 carmen
880 607 1055 686 desipientis

155 693 320 753 videretur.
363 692 432 768 Quo
445 693 570 750 recitato
580 690 736 750 sententiis
742 688 881 768 judicum
893 697 937 747 est
948 687 1056 746 libera-
1090 685 1110 746 ὃ

155 780 213 832 tua·
255 772 338 831 Num
353 772 447 850 igitur
460 772 552 843 hunc,
567 791 640 828 num
657 769 838 841 Homerum,
852 788 926 826 num
947 767 1055 827 Hesio-

156 851 240 925 dum,
254 851 451 923 Simonidem,
467 850 682 921 Stesichorum,
697 869 771 908 num
793 869 867 927 quos
888 857 959 908 ante
979 847 1055 920 dixi,

155 930 320 1004 Isocraten,
346 931 493 1008 Gorgian,
516 951 590 989 uum
615 929 865 1008 philosophorum
893 928 1055 1008 principes,

156 1010 375 1090 Pythagoram,
410 1007 630 1082 Democritum,
666 1030 739 1068 num
778 1008 948 1080 Platonem,
969 1027 1054 1066 -uum

155 1091 362 1164 Xenocraten,
381 1111 455 1150 num
481 1100 585 1169 postea
611 1090 769 1162 Zenonem,
791 1087 980 1160 Cleanthem,
1002 1097 1057 1147 aut
1072 1085 1110 1148 10

155 1191 234 1243 eum,
263 1192 353 1250 quem
381 1191 435 1232 vos
463 1171 554 1230 etiam
584 1171 703 1230 vidistis
733 1169 858 1242 Romae,
887 1168 1055 1247 Diogenem

69 1317 72 1322 ,
155 1250 300 1323 Stoicum,
315 1250 413 1330 coegit
428 1251 459 1309 in
474 1251 534 1310 suis
555 1250 662 1310 studiis
681 1251 885 1310 obmutescere
901 1249 1057 1322 senectus?

155 1351 195 1390 an
213 1331 247 1390 in
263 1330 403 1390 omnibus
423 1332 471 1390 his
491 1330 661 1390 studiorum
684 1331 811 1409 agitatio
826 1331 908 1390 vitae
921 1329 1055 1408 aequalis

155 1411 236 1471 fuit?
277 1411 354 1490 Age,
369 1419 404 1470 ut
419 1411 477 1470 ista
493 1411 600 1471 diviua
621 1411 723 1470 studia
738 1410 921 1482 omittamus,
936 1431 1055 1489 possum

155 1491 313 1550 nominare
332 1511 370 1550 ex
389 1511 463 1568 agro
483 1489 597 1548 Sabino
617 1491 742 1550 rusticos
763 1490 925 1562 Romanae,
941 1491 1058 1552 vicinos
1071 1490 1109 1550 15

155 1579 187 1630 et
199 1571 365 1630 familiares
384 1591 473 1640 meos,
491 1569 599 1648 quibus
622 1569 797 1629 absentibus
809 1589 980 1648 numquam
995 1571 1057 1630 fere

155 1649 220 1710 ulla
240 1651 272 1709 in
293 1671 368 1728 agro
391 1652 508 1727 majora
534 1670 626 1728 opera
649 1649 735 1721 fiunt,
753 1670 814 1708 non
835 1649 977 1722 serendis,
995 1670 1055 1709 non

155 1730 365 1808 percipiendis,
387 1750 448 1788 non
470 1728 635 1789 condendis
660 1729 818 1788 fructibus.
862 1728 1056 1807 Quamquam

155 1810 185 1868 in
211 1810 260 1870 his
283 1809 385 1868 minus
409 1810 467 1868 hoe
492 1810 603 1868 mirum
630 1819 692 1880 est;
713 1829 801 1868 nemo
826 1809 906 1868 enim
928 1817 973 1868 est
995 1818 1056 1868 tarn

154 1910 254 1962 senex,
280 1889 332 1968 qui
359 1909 390 1947 se
418 1909 533 1947 annum
557 1909 618 1947 nou
639 1898 726 1967 putet
748 1909 833 1967 posse
858 1888 980 1960 vivere;
1005 1889 1057 1948 sed
1072 1889 1112 1949 20

154 1969 246 2028 iidem
261 1969 295 2048 in
309 1969 347 2028 iis
361 1967 529 2042 elaborant,
539 1989 616 2047 quae
628 1970 729 2028 sciunt
739 1967 874 2028 nihil'ad
887 1989 918 2028 se
932 1969 1057 2029 omnino

154 2049 324 2128 pertinere:
389 2060 391 2064 '

255 2162 326 2212 Serit
343 2163 459 2222 arbores,
479 2177 548 2226 quae
560 2161 639 2211 alleri
657 2161 744 2211 saeclo
762 2161 876 2225 prosint,

155 2268 191 2320 ut
205 2259 250 2320 ait
263 2259 379 2320 Statius
392 2269 494 2320 noster
504 2261 535 2320 in
551 2259 748 2340 Synephebis.
776 2259 842 2320 Nee
853 2258 1057 2322 verodubitat

154 2340 299 2419 agricola,
328 2341 469 2418 quamvis
496 2341 537 2400 sit
564 2361 666 2413 senex,
695 2340 862 2419 quaerenti,
890 2340 939 2399 cui
966 2349 1056 2414 serat,
1071 2340 1111 2400 25

153 2421 351 2499 respondere:
373 2421 433 2479 Dis
455 2420 676 2491 tototmtalibua,
698 2420 750 2499 qui
776 2440 821 2478 me
842 2441 904 2478 noo
926 2423 1057 2499 accipere

154 2500 237 2560 ruodo
259 2501 329 2559 buce
350 2521 370 2559 α
393 2499 555 2578 roejort'bus
576 2500 738 2572 coluerunt,
755 2499 807 2559 sed
828 2500 916 2558 etrum
929 2501 1058 2578 posteris

180 2579 290 2640 rodere.

153 2601 289 2720 PVHL
311 2659 355 2719 Et
370 2660 480 2719 melius
498 2657 649 2720 Caecilius
673 2658 711 2718 de
734 2679 804 2720 sene
825 2657 915 2719 alteri
935 2659 1057 2720 saeculo

152 2740 365 2819 prospiciente,
382 2759 472 2818 quam
487 2739 567 2800 illud
581 2740 661 2799 idem
673 2761 680 2799 :
810 2812 812 2817 Α
1072 2741 1112 2800 30

253 2867 361 2930 Edepol,
376 2871 505 2926 senectus,
521 2867 543 2914 si
560 2867 598 2914 nil
617 2867 758 2929 quidquam
778 2866 850 2916 aliud
862 2866 911 2917 viti

254 2934 387 2996 Apportes
399 2939 493 2990 tecum,
509 2949 588 2996 quum
607 2935 725 2991 advenis,
740 2950 821 2982 unum
834 2935 861 2981 id
875 2938 916 2982 sat
929 2938 977 2993 cst,

253 3000 327 3058 Quod
344 3000 389 3047 dIu
406 3001 519 3048 vivendo
536 3001 626 3059 multa,
641 3015 709 3062 quae
727 3017 780 3048 non
798 3001 861 3060 volt,
875 3000 957 3049 videt.

69 3167 73 3175 .
155 3116 197 3175 Et
215 3115 314 3176 multa
329 3115 465 3188 forta-sse,
479 3135 556 3193 quae
570 3114 654 3186 volt;
674 3123 766 3194 atque
786 3115 818 3173 in
840 3136 884 3186 ea,
900 3136 977 3193 quae
993 3137 1055 3175 non

153 3195 238 3273 volt„
249 3216 338 3273 saepe
358 3195 449 3254 etiarn
471 3194 675 3254 adolescentia
695 3195 833 3255 incurrit
875 3195 961 3254 Illud
982 3216 1054 3257 vero
1070 3197 1110 3256 35

152 3274 234 3334 idern
249 3274 400 3336 Caecilius
414 3274 570 3338 vitiosius:

253 3402 317 3450 Tum
330 3401 451 3465 equidem
464 3402 492 3451 in
504 3407 612 3452 senecta
623 3403 674 3451 hoc
687 3402 784 3465 deputo
796 3402 981 3460 miserrimum,

253 3469 358 3518 Sentiro
371 3485 403 3520 ea
414 3474 505 3520 aetate.
514 3471 601 3534 ipsum
614 3484 670 3518 esse
683 3469 801 3518 odiosum
814 3468 900 3516 alt-eri.
