2524 3712
151 173 193 238 66
367 188 405 236 rt.
428 188 597 236 runnu
627 185 883 236 crcneoxrs

204 367 243 407 ne
257 344 372 407 callida
385 345 587 405 assentatione
601 345 771 423 capiantur.
802 343 919 424 Aperte
932 345 1013 405 enim
1027 344 1102 406 adu-

205 427 320 488 lantem
332 447 419 486 nemo
431 446 492 484 non
505 425 598 497 videt,
609 426 668 484 nisi
680 425 732 503 qui
746 424 910 484 admodum
921 433 967 486 est
977 445 1100 485 excors:

206 507 336 568 callidus
347 505 400 565 ille
414 515 445 564 et
459 505 595 565 occultus
609 525 647 563 ne
661 525 692 564 se
706 505 839 564 insinuet
853 505 985 566 studiose
995 524 1103 565 caven-

206 588 280 647 dum
294 596 347 647 est.
389 585 454 645 Nec
468 586 550 644 euim
565 583 711 644 facillime
725 585 908 662 agnoscitur,
922 585 1035 663 quippe
1049 582 1104 662 qui
1208 630 1217 638 .

145 667 298 727 'uetiam
326 665 516 726 adversando
547 685 635 743 saepe
670 673 838 724 assentetur
864 671 895 723 et
923 663 1045 742 litigare
1071 681 1104 722 se

206 747 354 807 simulans
367 745 547 805 blandiatur
566 755 659 823 atque
679 745 718 804 ad
740 752 910 804 extremum
926 741 979 802 det
994 761 1104 801 manus

205 828 349 905 vincique
361 846 393 885 se
399 825 551 981 patiatur,
564 835 599 884 ut
613 825 647 897 is,
659 825 710 903 qui
723 824 830 883 illusus
844 823 892 893 sit,
908 823 978 900 plus
992 821 1118 882 vidisse·

207 907 356 967 videatur.
432 903 485 964 uid
499 914 601 964 autem
617 905 737 982 turpius
751 923 842 982 quam
857 901 970 962 illudi?
1011 899 1105 979 Quod

207 995 243 1046 ut
257 1005 296 1046 ne
309 984 430 1046 accidat
444 984 541 1066 magis
556 984 727 1046 cavendum
741 993 802 1044 est:
824 1019 828 1025 -

155 1135 194 1196 10
275 1145 310 1194 Ut
327 1161 369 1195 me
386 1145 465 1195 hodie
484 1148 545 1194 ante
563 1159 653 1194 omnes
671 1145 784 1196 comicos
803 1144 898 1194 stultos
915 1158 995 1195 senes

277 1214 402 1263 versaris
419 1219 499 1277 atque
512 1213 645 1262 illusseris
662 1212 817 1262 lautissima.

208 1363 297 1426 Haec
317 1366 399 1427 enim
420 1366 513 1426 etiam
534 1366 567 1426 in
587 1364 701 1427 fabulis
721 1365 900 1427 stultissima
955 1385 1044 1426 isone
1060 1371 1106 1426 est

208 1446 448 1524 improvidorum
475 1455 506 1506 et
533 1447 726 1506 credulorum
752 1467 868 1507 senum.
956 1445 977 1505 d
1003 1444 1107 1506 nescio

208 1546 269 1604 quo
283 1534 373 1604 pacto
390 1525 429 1585 ab
446 1527 590 1587 amicitiis
611 1526 811 1604 perfectorum
832 1526 1000 1599 hominum,
1014 1525 1046 1585 id
1060 1531 1107 1584 est

156 1607 195 1668 15
208 1605 486 1684 sapientium-de
504 1606 563 1666 hac
583 1606 652 1666 dico
672 1606 831 1684 sapientia,
845 1626 924 1684 quae
936 1605 1059 1666 videtur
1073 1603 1107 1664 in

208 1685 361 1744 hominem
376 1685 484 1745 cadere
498 1705 591 1764 posse,
601 1685 686 1745 -ad
706 1685 787 1746 leves
808 1685 959 1745 amicitias
973 1683 1105 1743 defluxit

209 1765 316 1826 oratio.
359 1764 565 1842 Quamobrem
587 1766 625 1825 ad
646 1765 701 1824 illa
721 1766 820 1845 prima
839 1765 996 1826 redeamus
1010 1783 1107 1842 esque

208 1846 275 1924 ipsa
288 1845 506 1905 concludamus
520 1845 695 1923 aliquande.

249 1925 394 1985 XXVII.
416 1925 532 1998 Virtus,
555 1927 662 1999 virtus,
684 1925 818 2005 inquam,
840 1924 873 1988 O.
896 1925 998 1988 Fanni
1019 1934 1049 1986 et
1070 1934 1107 1986 tu

156 2007 196 2072 20
210 2005 248 2081 Q.
271 2005 366 2077 Muci,
380 2014 411 2065 et
424 2005 569 2065 conciliat
592 2005 741 2067 amicitias
766 2017 797 2066 et
821 2016 997 2079 conservat;
1018 2005 1052 2066 in
1070 2025 1107 2066 ea

209 2093 254 2145 est
274 2085 355 2143 enim
376 2085 588 2145 convenientia
609 2107 720 2160 rerum,
735 2087 768 2145 in
789 2107 826 2147 ea
844 2087 1006 2159 stabilitas,
1019 2086 1051 2146 in
1069 2103 1107 2146 ea

210 2164 398 2224 constantia:
421 2185 499 2243 quae
519 2186 614 2243 quum
633 2187 665 2225 se
683 2165 798 2226 extulit
817 2175 848 2227 et
865 2167 997 2228 ostendit
1016 2183 1106 2226 suum

210 2244 314 2304 lumen
335 2253 365 2304 et
378 2244 459 2304 idem
473 2245 615 2324 adspexit
629 2246 814 2325 agnovitque
835 2247 867 2306 in
886 2247 957 2319 alio,
971 2245 1011 2306 ad
1026 2245 1058 2305 id
1075 2264 1108 2306 se

211 2325 354 2385 admovet
367 2325 561 2402 vicissimque
575 2325 687 2404 accipit
701 2325 789 2397 illud,
800 2325 881 2405 quod
895 2327 926 2385 in
942 2326 1038 2386 altero
1052 2333 1106 2400 est,

157 2406 197 2465 25
211 2425 249 2464 ex
260 2424 320 2482 quo
330 2405 501 2465 exardescit
510 2405 575 2466 sive
586 2426 671 2465 amor
684 2405 748 2466 sive
759 2407 902 2466 amicitia.
931 2405 1106 2484 Utrumque

211 2484 293 2544 enim
309 2483 435 2544 ductum
451 2494 495 2545 est
509 2484 549 2544 ab
564 2485 714 2557 amandc;
736 2505 839 2546 amare
852 2495 953 2546 autem
969 2484 1047 2544 nihil
1062 2493 1107 2546 est

210 2563 297 2624 aliud
316 2564 374 2624 nisi
394 2584 463 2624 eum
482 2565 580 2644 ipsum
602 2565 731 2643 diligere
750 2585 839 2642 quem
856 2583 946 2636 ames,
961 2565 1048 2624 nulla
1062 2565 1107 2624 in·

210 2644 355 2722 digentis,
376 2644 464 2704 nulla
485 2645 618 2704 utilitate
639 2645 792 2723 quaesite;
818 2665 896 2724 quae
915 2654 1018 2704 tamen
1039 2644 1107 2723 ipsa

211 2723 369 2785 efflorescit
389 2745 427 2784 ex
449 2725 595 2797 amicitia,
611 2725 729 2784 etiamsi
743 2734 778 2784 tu
792 2745 858 2785 eam
873 2725 973 2784 minus
986 2732 1108 2786 secutus

158 2805 197 2865 30
211 2805 259 2864 sis.
301 2803 372 2865 Hac
397 2825 450 2864 nos
474 2804 677 2864 adolescentes
701 2804 913 2864 benevolentia
933 2825 1016 2864 senes
1036 2802 1107 2865 illos

212 2884 248 2943 L.
277 2883 419 2957 Paulum,
442 2884 483 2943 M.
506 2883 662 2955 Catonem,
680 2883 714 2944 0.
740 2883 864 2956 Galum,
891 2883 925 2943 P.
950 2883 1105 2956 Nasicam,

211 2963 257 3023 Ti.
272 2962 458 3036 Gracchum,
477 2963 627 3041 Scipionis
647 2962 742 3023 nostri
763 2983 908 3035 socerum,
923 2962 1105 3034 dileximus3

211 3043 285 3104 haec
300 3043 393 3104 etiam
406 3043 503 3120 magis
517 3043 616 3102 elucet
630 3042 709 3101 inter
723 3042 871 3122 aequales,
882 3051 916 3102 ut
926 3041 1006 3102 inter
1018 3062 1065 3102 me
1076 3052 1107 3103 et

211 3123 392 3201 Scipionem,
407 3122 442 3182 L.
459 3120 597 3192 Furium,
609 3121 644 3180 P.
657 3121 828 3200 Rupilium,
839 3121 889 3200 Sp.
902 3121 1106 3196 Mummium

158 3201 197 3260 35
211 3201 345 3261 vicissim
366 3209 468 3260 autem
487 3218 571 3259 senes
592 3202 625 3258 in
645 3200 882 3260 adolescentium
905 3201 1035 3262 caritate
1058 3221 1106 3262 ac·

211 3278 401 3355 quiescimus,
414 3287 449 3339 ut
463 3278 495 3336 in
505 3286 614 3352 vestra,
625 3279 703 3338 utin
715 3279 754 3357 Q.
766 3279 950 3354 Tuberonis;
965 3279 1107 3360 equidem
