2524 3712
155 194 198 258 54
395 210 432 259 Μ.
463 202 917 258 runn11e1c'nnon1a

80 401 100 423 ιι
170 400 181 408 -
208 370 354 444 restricte,
382 391 420 430 ne
447 370 516 448 plus
544 369 654 430 reddat
680 389 771 447 quarn
799 367 958 447 acceperit.
1000 366 1110 446 Neque

209 450 289 509 enim
304 451 471 510 verendum
491 460 536 509 est
556 470 594 509 ne
614 449 688 528 quid
709 448 842 519 excidat,
857 458 911 508 aut
927 469 966 507 ne
982 447 1056 526 quid
1075 447 1109 506 in

208 538 320 590 terram
336 529 459 598 defluat,
475 540 528 588 aut
543 549 580 588 ne
594 529 662 607 plus
678 548 773 607 aequo
790 527 869 608 quid!
886 528 918 586 in
939 525 1107 586 amicitiam

209 619 398 686 congeratur.
440 607 560 668 Tertius
582 629 654 669 vero
679 607 733 666 ille
755 607 823 666 finis
849 605 1036 677 deterrimus
1063 615 1107 677 ut,

176 687 317 766 bquanti
343 688 470 766 quisque
493 708 524 747 ee
549 687 728 766 ipsefaciat,
744 686 823 746 tanti
844 685 897 745 fiat
922 685 961 744 ab
984 685 1107 756 amicis;

208 787 298 847 saepe
318 767 399 827 enim
421 770 451 825 in
473 767 655 844 quibusdam
675 775 729 825 aut
751 766 871 824 animus
895 764 1041 843 abjectior
1063 774 1109 824 est

208 857 263 907 aut
285 867 351 926 spes
374 846 607 926 amplificandae
628 846 768 906 fortunae
792 845 925 905 fractior.
968 843 1039 903 Non
1063 853 1109 904 est

210 926 306 1006 igitur
325 927 415 987 amici
436 928 529 986 talem
551 927 612 985 esee
632 926 664 985 in
685 946 763 996 eum,
778 925 877 1003 qualis
892 925 945 983 ille
959 924 991 982 in
1005 944 1036 982 ee
1053 933 1108 996 est,

208 1007 260 1068 sed
276 1007 375 1084 potins
390 1007 464 1066 eniti
479 1015 509 1066 et
522 1007 648 1078 efficere,
660 1013 694 1064 ut
707 1006 797 1064 amici
807 1004 959 1084 jacentem
970 1003 1107 1062 animum

156 1089 195 1149 10
208 1086 322 1146 excitet
332 1086 517 1164 inducatque
525 1086 557 1144 in
566 1106 650 1164 spem
661 1085 934 1163 cogitationemque
943 1083 1106 1145 meliorem.

207 1166 299 1245 Adue
319 1166 414 1244 igitur
435 1165 503 1225 finis
517 1185 608 1224 verae
627 1165 781 1224 amicitiae
803 1163 1030 1224 constituendus
1051 1172 1107 1236 est,

207 1246 233 1304 si
248 1246 339 1324 prius,
351 1246 425 1323 quid
439 1245 573 1304 maxime
587 1244 805 1322 reprehendere
820 1243 923 1322 Scipio
937 1243 1043 1308 solitus
1057 1243 1107 1315 sit,

209 1325 324 1385 dixero.
354 1323 496 1403 Negabat
510 1324 607 1383 ullam
621 1344 725 1384 vocem
740 1323 939 1382 inimiciorem
954 1322 1108 1382 amicitiae

207 1405 340 1484 potuisse
361 1404 487 1482 reperiri
508 1423 601 1481 quam
621 1403 694 1482 ejus,
714 1403 766 1482 qui
789 1403 916 1462 dixisset
938 1402 982 1462 ita
1004 1421 1108 1462 amare

156 1487 194 1546 15
208 1493 354 1562 oportere,
377 1493 412 1544 ut
430 1484 456 1543 si
478 1482 644 1561 aliquando
666 1492 742 1542 esset
764 1502 887 1554 esurus;
908 1502 963 1542 nec
983 1503 1054 1543 vero
1075 1502 1108 1542 se

208 1563 321 1623 adduci
368 1583 438 1635 osse,
464 1572 499 1623 ut
522 1563 588 1636 hoc,
613 1562 869 1640 quemadmodum
917 1570 1063 1634 utaretur,
1088 1581 1108 1622 a
1130 1631 1133 1639 Ι

208 1643 320 1703 Biante
356 1645 416 1703 ictu
422 1663 449 1701 m
465 1663 526 1702 ease
540 1643 683 1712 crederet,
695 1642 747 1719 qui
760 1642 879 1720 sapiens
895 1582 1018 1700 babitus
1030 1649 1108 1701 esset

188 1743 286 1783 .unus
308 1743 324 1782 e
344 1737 476 1801 septem
498 1722 610 1801 impuri
631 1721 789 1799 cujusdam
809 1731 863 1780 aut
881 1720 1033 1781 ambitiosi
1052 1729 1108 1780 aut

209 1803 312 1862 omnia
326 1803 366 1862 ad
380 1823 466 1862 suam
480 1801 647 1880 potentiam
662 1800 832 1861 revocantis
844 1820 906 1860 ease
916 1801 1105 1860 senteutiam.

155 1887 194 1944 20
210 1883 350 1958 Quonam
366 1883 448 1942 enim
463 1881 550 1940 modo
564 1881 724 1959 quisquam
739 1880 854 1940 amicus
868 1900 930 1940 esse
944 1880 1054 1958 poterit
1068 1881 1106 1952 ei,

209 1963 258 2020 cui
281 1983 312 2022 se
333 1961 456 2040 putabit
484 1961 641 2020 inimicum
669 1980 731 2019 esse
760 1961 866 2037 posse?
908 1960 1107 2037 Quinetiam

208 2061 326 2101 necesse
350 2042 408 2100 erit
433 2060 541 2118 cupere
565 2048 595 2099 et
619 2047 732 2117 optare,
758 2047 907 2117 utquam
935 2039 1107 2118 saepissime

105 2133 173 2240 s
208 2131 310 2200 peccet
324 2121 449 2191 amicus,
464 2119 641 2202 qqulurea
655 2118 706 2178 det
719 2117 778 2177 sibi
792 2127 949 2197 tamqnam
963 2139 1051 2179 ansas
1065 2119 1107 2178 ad

96 2243 110 2281 «ι
189 2198 507 2278 reprehendendum
529 2219 631 2258 rursus
652 2207 755 2258 autem
774 2207 855 2258 reete
872 2199 959 2258 factis
978 2219 1107 2258 eommo-

105 2279 135 2332 ζ’
156 2284 194 2341 25
209 2280 314 2358 disque
335 2281 502 2339 amicorum
522 2298 641 2337 necesse
661 2279 719 2338 erit
740 2277 820 2355 angi,
836 2277 945 2350 dolere,
961 2279 1106 2338 invidere.

209 2360 313 2435 Quare
333 2360 390 2419 hoc
404 2359 527 2436 quidem
548 2367 752 2436 praeceptum,
768 2358 982 2436 ou‘uscumque
999 2367 1051 2430 est,
1066 2357 1108 2417 ad

208 2439 374 2499 tollendam
402 2438 567 2498 amicitiam
593 2436 683 2497 valet.
726 2379 814 2496 Illud
836 2438 934 2516 potius
958 2438 1104 2516 praeeipi-

208 2519 320 2578 endum
334 2517 402 2591 fuit,
417 2526 452 2577 ut
470 2538 537 2576 earn
555 2516 746 2594 diligentiam
763 2517 975 2576 adhiberemus
989 2518 1020 2576 in
1035 2517 1108 2575 anii—

209 2599 288 2658 citiis
305 2597 524 2676 comparanda,
539 2605 574 2655 ut
588 2617 626 2654 ne
640 2596 762 2674 quando
783 2617 885 2655 amare
907 2596 1107 2674 inciperemus

156 2680 194 2739 30
209 2698 286 2749 enm,
301 2697 389 2756 quem
412 2676 578 2755 aliquando
598 2675 694 2734 odisse
713 2695 873 2752 possemus.
916 2675 1107 2756 Quinetiam

207 2759 233 2817 si
245 2757 352 2817 'minue
373 2756 475 2816 felices
490 2757 523 2813 in
537 2754 698 2833 deligendo
712 2755 880 2824 t‘uissemue,
896 2753 1053 2813 ferendum
1076 2753 1107 2814 id

208 2837 310 2916 Scipio
320 2838 420 2916 potius
433 2855 524 2913 quam
536 2835 768 2894 inimicitiarum
778 2841 897 2913 tempus
911 2834 1108 2913 cogitandum

208 2917 346 2995 putabat.

163 2989 192 3055 'd
249 2995 360 3056 XVII.
381 2994 442 3056 His
466 2994 560 3073 igitur
584 2992 695 3053 finibus
720 2991 868 3054 utendum
896 2991 1037 3066 arbitror,
1063 2999 1106 3065 ut,

156 3077 195 3135 35
209 3096 303 3154 quum
325 3075 476 3135 emendati
497 3094 593 3133 morea
614 3074 781 3132 amicerum
801 3073 871 3144 sint,
885 3082 951 3132 turn
970 3073 1010 3132 sit
1029 3074 1109 3132 inter

209 3175 257 3213 ecs
272 3155 408 3213 omnium
419 3173 528 3223 rerum,
541 3153 744 3224 consiliorum,
757 3151 951 3212 voluntatum
964 3152 1029 3211 sine
1042 3151 1109 3212 ulla

208 3235 385 3310 exceptione
400 3233 608 3302 communitae,
619 3239 654 3290 ut
667 3233 768 3302 etiam,
780 3232 805 3290 si
819 3251 881 3308 qua
894 3231 1017 3290 fortuna
1031 3230 1109 3291 acci-

209 3311 288 3369 derit
297 3322 331 3370 ut
341 3311 439 3368 minus
444 3311 545 3387 justae
553 3310 719 3368 amicorum
729 3309 902 3368 voluntates
913 3310 1106 3387 adjuvandae

207 3390 277 3464 sint,
299 3390 331 3448 in
353 3388 462 3467 quibus
484 3407 588 3448 eorum
611 3397 665 3446 aut
690 3398 783 3467 caput
809 3398 918 3466 agatur
939 3395 994 3450 aut
1013 3387 1107 3462 fama
