2524 3712
153 187 196 251 56
396 207 433 253 n.
464 208 634 256 runnu
663 213 920 260 crcnnonrs

204 360 294 500 facitis
314 361 440 424 inventu
463 365 516 442 qui
538 365 730 427 descendant.
774 367 968 448 Quamquam
983 371 1106 432 Ennius

204 461 300 501 rece:

363 538 471 586 Amicus
488 544 577 588 certus
595 541 623 588 in
640 557 670 590 rc
688 542 792 591 incerta
809 545 943 605 cemitur3

202 680 303 731 tamen
312 672 387 733 baec
398 672 460 732 duo
470 673 603 734 levitatis
618 685 649 735 et
663 677 849 738 infirmitatis
863 679 1021 758 plerosque
1035 702 1105 741 con·

169 752 339 822 5vincunt,
354 762 408 812 aut
432 754 457 813 si
481 754 512 812 in
538 753 625 814 bonis
649 757 738 816 rebus
763 767 971 831 contemnunt,
992 770 1046 820 aut
1069 762 1102 820 in

201 830 291 890 malis
305 831 453 893 deserunt.
497 834 559 908 Qui
585 835 679 912 igitur
701 846 830 915 utraque
858 839 890 897 in
915 859 948 897 re
968 860 1103 916 gravem,

177 920 397 984 aconstantem
411 913 550 973 stabilem
570 936 600 973 se
615 916 645 973 in
662 916 798 976 amicitia
811 919 1003 996 praestiterit,
1018 917 1101 978 hune

201 1012 239 1050 ex
255 991 387 1051 maxime
406 1013 474 1054 raro
492 1014 602 1071 genere
623 995 779 1055 hominum
798 998 938 1076 judicare
959 997 1102 1058 debemus

200 1080 231 1131 et
245 1092 339 1150 paene
354 1063 486 1212 divinoss

107 1123 191 1218 ἲ(10-
240 1151 368 1230 XVIII.
401 1153 456 1212 Fir
489 1166 644 1216 amentum
681 1167 781 1217 autem
819 1158 995 1218 stabilitatis
1033 1180 1102 1218 ron-

200 1232 389 1308 stantiaeque
412 1242 457 1293 est
481 1235 553 1312 ejus,
576 1257 668 1314 quam
696 1239 729 1297 in
757 1238 893 1298 amicitia
918 1239 1099 1317 quaerimus,

199 1312 290 1382 tides;
311 1312 390 1370 nihil
405 1322 449 1372 est
464 1316 544 1373 enim
559 1316 678 1388 stabile,
690 1317 771 1394 quod
786 1317 913 1377 infidum
929 1327 982 1378 est.
1024 1319 1100 1377 Sim-

153 1401 179 1465 f,
199 1391 308 1482 plieqm
331 1403 487 1470 praeterea
508 1404 538 1454 et
559 1415 748 1455 communem
762 1406 796 1456 et
807 1399 1051 1470 consentientem,
1065 1399 1097 1456 id

200 1473 317 1550 estqui
340 1472 429 1532 rebus
452 1474 557 1533 iisdem
580 1485 748 1549 moveatur,
768 1477 840 1555 eligi
861 1499 917 1555 par
937 1487 999 1550 est;
1021 1498 1100 1556 quae

147 1557 184 1614 15
200 1553 301 1610 omnia
319 1554 472 1631 pertinent
489 1555 527 1612 ad
546 1553 732 1616 fidelitatem.
774 1557 882 1634 Neque
902 1553 982 1616 enim
1002 1557 1099 1616 fidum

199 1642 298 1710 potest
319 1653 381 1692 esse
400 1634 562 1712 multiplex
580 1635 736 1713 ingenium
752 1643 782 1695 et
796 1646 963 1708 tortuosum
973 1659 981 1709 ;
1001 1657 1099 1714 neque

199 1733 279 1782 vero,
297 1713 349 1791 qui
365 1733 425 1771 non
446 1713 550 1773 iisdem
571 1715 660 1774 rebus
681 1725 819 1778 movetur
840 1726 1009 1794 naturaque
1030 1737 1099 1775 con-

199 1793 299 1864 sentit,
314 1802 367 1852 aut
382 1793 459 1853 fidus
478 1804 532 1853 aut
549 1794 668 1854 stabilis
685 1803 782 1875 potest
800 1816 869 1856 esse.
911 1795 1098 1855 Addendum

200 1873 303 1932 eodem
318 1882 370 1945 est,
386 1882 421 1933 ut
435 1894 473 1932 ne
487 1875 665 1934 criminibus
684 1884 738 1935 aut
753 1875 917 1936 inferendis
931 1875 1098 1934 delectetur

146 1956 184 2015 20
199 1960 253 2013 aut
278 1953 382 2012 eredat
405 1953 524 2026 oblatis,
547 1975 625 2032 qnae
649 1956 802 2032 pertinent
827 1956 930 2014 omnia
955 1954 995 2014 ad
1020 1976 1097 2027 eam,

199 2052 290 2110 quam
300 2033 483 2111 jamdudum
498 2043 607 2106 traete,
620 2036 830 2094 constantiam.
873 2034 923 2093 Ita
942 2033 977 2094 fit
992 2055 1097 2095 verum

199 2112 287 2184 illud,
288 2113 383 2194 ⁴quod
398 2113 486 2173 initio
500 2115 576 2186 dixi,
591 2115 758 2174 amicitiam
769 2114 828 2174 nisi
839 2113 1020 2174 interbonos
1035 2134 1097 2173 esse

198 2213 258 2252 non
270 2213 354 2270 posse
361 2214 368 2264 ;
383 2201 427 2252 est
438 2194 518 2252 enim
530 2193 602 2252 boni
612 2194 681 2266 viri,
690 2214 781 2273 quem
791 2194 919 2253 eundem
931 2193 1097 2271 sapientem

198 2273 270 2331 lieet
284 2273 392 2345 dicere,
407 2272 483 2332 haee
497 2273 558 2333 duo
572 2283 673 2333 tenere
688 2274 719 2332 in
735 2273 887 2332 amicitia:
902 2274 1044 2351 primum,
1058 2294 1097 2334 ne

118 2407 130 2422 ,
146 2355 184 2412 25
199 2352 272 2430 quid
297 2352 402 2411 fictum
426 2354 465 2412 sit
488 2373 564 2412 neve
588 2353 782 2425 simulatum;
810 2362 913 2430 aperte
940 2353 1021 2411 enim
1047 2353 1096 2414 vel

135 2421 142 2444 '
199 2432 295 2492 odisse
311 2433 408 2510 magis
425 2433 549 2510 ingenui
566 2442 612 2492 est
627 2454 718 2511 quam
740 2433 839 2492 fronte
859 2432 1011 2492 occultare
1028 2453 1095 2510 ¹sen-

199 2512 344 2572 tentiam:
367 2512 483 2585 deinde,
500 2533 561 2572 non
581 2512 678 2572 solum
697 2513 736 2572 ab
753 2511 857 2591 aliquo
871 2511 981 2571 allatas
998 2512 1097 2570 erimi-

198 2592 334 2651 nationes
352 2592 505 2668 repellere,
519 2591 572 2652 sed
590 2613 629 2651 ne
651 2592 752 2670 ipsum
776 2592 896 2670 quidem
919 2611 980 2652 esse
1003 2592 1096 2670 suspi-

62 2683 68 2714 ἰ
199 2671 321 2744 ciosum,
335 2692 453 2750 semper
473 2671 590 2750 aliquid
610 2672 836 2732 existimantem
856 2671 896 2732 ab
917 2671 1015 2730 amieo
1035 2691 1097 2730 esse

56 2766 68 2834 t
146 2754 184 2813 30
198 2752 355 2812 violatum.
398 2751 535 2811 Accedat
560 2752 622 2810 huo
645 2751 782 2812 suavitas
806 2751 954 2829 quaedam
980 2759 1097 2828 oportet

197 2851 369 2892 sermonum
403 2840 494 2909 atque
525 2851 653 2903 morum,
682 2831 919 2909 haudquaquam
946 2831 1096 2889 mediocre

198 2911 425 2971 condimentum
447 2910 608 2970 amicitiae.
650 2910 789 2970 Tristitia
807 2919 908 2969 autem
923 2910 999 2969 etin
1014 2909 1095 2968 omui

198 3011 231 3050 re
251 2991 394 3050 severitas
414 2989 507 3049 habet
528 2990 585 3049 illa
606 2989 730 3068 quidem
748 2990 942 3067 gravitatem,
956 2988 1007 3048 sed
1022 2989 1095 3046 ami-

199 3070 273 3130 citis
294 3069 444 3128 remissior
463 3089 525 3128 esse
546 3069 635 3129 debet
651 3079 683 3128 et
698 3069 822 3128 liberior
834 3078 864 3128 et
878 3068 997 3128 dulcior
1010 3077 1041 3126 et
1054 3067 1094 3126 ad

146 3151 185 3208 35
200 3169 316 3208 omnem
334 3149 506 3208 comitatem
521 3148 760 3226 facilitatemque
774 3148 947 3226 proclivior.

240 3227 335 3286 XIX.
357 3227 490 3285 Exsistit
508 3237 610 3286 eutem
631 3227 689 3285 hoo
709 3227 775 3286 loeo
794 3225 942 3304 quaedam
960 3227 1095 3303 quaestio

198 3305 396 3374 subdifficilis,
411 3324 486 3362 num
502 3305 623 3382 quando
644 3305 734 3364 amici
756 3305 837 3376 novi,
852 3305 937 3382 digni
950 3305 1094 3376 amicitia,

200 3383 352 3446 veteribus
372 3384 434 3442 sint
454 3382 666 3461 anteponendi,
688 3391 723 3442 ut
743 3384 827 3460 equis
848 3383 959 3446 vetulis
978 3392 1096 3444 teneros
1168 3397 1170 3401 '
