2524 3712
497 169 718 219 incarus.
769 233 776 248 .
1076 153 1117 216 47

160 319 210 386 vel
232 319 382 385 commodi
410 321 548 404 alicujus,
571 326 652 404 quod
678 325 763 385 idem
787 325 915 404 adipisci
939 333 1067 404 uterque

160 423 222 464 non
243 414 359 483 posset:
382 406 501 484 quodsi
516 407 568 482 qui
584 406 702 482 longius
721 406 753 465 in
771 406 909 466 amicitia
929 406 1066 485 provecti

161 497 268 558 essent,
283 494 386 544 tamen
407 506 495 563 saepe
516 485 705 558 labefactari,
720 486 745 545 si
759 486 792 544 in
806 486 930 547 honoris
945 496 1066 546 conten-

161 564 275 624 tionem
300 565 493 636 incidissent;
519 576 633 643 pestem
662 566 743 624 enim
772 566 890 626 nullam
920 568 1065 644 majorem

162 663 224 703 esse
235 644 377 704 amicitiis
388 665 480 722 quam
492 646 523 703 in
535 645 686 723 plerisque
697 646 843 724 pecuniae
856 646 1065 724 cupiditatem,
1101 649 1119 711 5

162 723 194 780 in
210 724 332 802 optimis
347 725 517 802 quibusque
531 726 654 785 honoris
676 735 829 784 certamen
844 736 874 784 et
888 726 1012 804 gloriae,
1027 747 1066 785 ex

162 823 221 880 quo
250 803 425 868 inimicitias
453 805 603 864 maximas
638 825 725 883 saepe
756 806 837 864 inter
871 805 1128 888 amicissimoss.

162 884 328 942 exstitisse:
341 881 462 967 lmagna
483 885 575 943 etiam
598 885 726 944 discidia
747 893 777 944 et
793 884 973 964 plerumque
982 885 1066 963 justa

57 1019 61 1025 .
162 963 256 1034 nasci,
278 981 372 1041 quum
401 963 519 1042 aliquid
548 964 587 1023 ab
617 964 732 1037 amicis
758 965 838 1043 quod
864 975 979 1024 rectum
1004 985 1065 1024 non

162 1051 246 1114 esset,
262 1043 475 1120 postularetur,
491 1052 526 1102 ut
540 1052 594 1103 aut
609 1035 746 1104 libidinis
761 1045 892 1104 ministri
909 1054 964 1104 aut
981 1045 1065 1122 adju·
1080 1046 1119 1108 10

162 1129 241 1182 tores
252 1132 349 1182 essent
364 1123 403 1182 ad
418 1124 571 1202 injuriam.
602 1125 692 1200 Quod
706 1125 756 1203 qui
770 1134 952 1196 recusarent,
963 1145 1066 1202 quam·
1092 1153 1099 1212 p

162 1201 209 1264 vis
222 1203 346 1262 honeste
361 1203 393 1262 id
407 1203 551 1276 facerent,
563 1204 614 1282 jus
635 1213 737 1263 tamen
760 1205 914 1263 amicitiae
931 1204 1066 1264 deserere

162 1291 362 1360 arguerentur
390 1283 429 1343 ab
458 1283 504 1356 iis,
534 1284 643 1361 quibus
673 1283 798 1362 obsequi
827 1284 961 1356 nollent;
996 1283 1065 1343 illos

164 1371 275 1434 autem,
301 1363 354 1440 qui
383 1363 504 1441 quidvis
534 1363 572 1423 ab
602 1364 700 1423 amico
728 1364 876 1422 auderent
892 1364 1065 1442 postulare,

162 1443 365 1520 postulatione
399 1445 465 1522 ipsa
500 1443 635 1522 profiteri
667 1445 770 1502 omnia
797 1463 828 1502 se
856 1444 947 1502 amici
974 1464 1065 1502 eausa
1081 1447 1118 1506 15

162 1542 223 1582 esse
251 1523 400 1595 facturos;
423 1545 527 1582 eorum
551 1523 676 1602 querela
700 1524 870 1584 inveterata
892 1543 952 1582 non
975 1523 1064 1582 modo

162 1601 386 1663 familiaritates
409 1603 562 1682 exstingui
583 1603 688 1674 solere,
703 1603 754 1662 sed
777 1603 847 1661 odia
867 1603 958 1662 etiam
981 1602 1065 1680 gigni

161 1684 361 1762 sempiterna:
384 1683 458 1744 haee
487 1683 531 1742 ita
560 1683 657 1742 multa
683 1682 769 1761 quasi
798 1683 861 1740 fata
890 1682 1064 1760 impendere

162 1763 314 1844 amicitiis,
327 1774 360 1824 ut
375 1765 477 1823 omnia
491 1763 700 1840 subterfugere
714 1783 775 1820 non
786 1761 875 1821 modo
889 1761 1064 1840 sapientiae,

123 1867 127 1874 ²
161 1843 321 1903 sedetiam
336 1844 490 1903 felicitatis
508 1842 692 1902 dicerotsibi
707 1841 814 1901 videri.
1079 1846 1118 1908 20

103 1939 107 1946 ·
203 1923 262 1983 ΧΙ.
286 1923 492 2000 Quamobrem
514 1923 546 1981 id
568 1923 699 2001 primum
721 1921 890 1994 videamus,
907 1920 932 1980 si
954 1920 1063 1998 placet,

162 2013 311 2081 quatenus
325 2025 411 2064 amor
425 2004 457 2062 in
472 2003 609 2062 amicitia
620 2001 762 2080 progredi
773 2001 889 2060 debeat.
932 2000 1066 2079 Numne,

161 2084 187 2143 si
213 2083 392 2144 Coriolanus
418 2083 528 2144 habuit
550 2082 672 2154 amicos,
698 2081 776 2140 ferre
804 2090 909 2141 contra
933 2081 1064 2158 patriam

161 2183 248 2224 arma
268 2165 314 2224 illi
337 2185 406 2223 cum
429 2162 591 2222 Coriolano
613 2160 803 2220 debuerunt?
844 2160 926 2219 Num
948 2159 1063 2219 Viscel-

92 2257 95 2262 '
161 2243 259 2303 linum
294 2244 384 2304 amici
420 2263 546 2321 regnum
583 2249 785 2319 appetentem,
814 2261 885 2300 num
916 2239 1063 2299 Maelium
1079 2243 1117 2304 25

161 2323 332 2385 debuerunt
362 2324 493 2403 juvare?
549 2321 594 2381 Ti.
632 2321 754 2398 quidem
791 2319 965 2379 Gracchum
1000 2339 1062 2378 rem

161 2403 318 2482 publicam
342 2411 504 2465 vexantem
532 2421 550 2460 a
574 2401 612 2476 Q.
640 2399 798 2459 Tuberone
827 2397 1064 2477 aequalibusque

161 2484 267 2544 amicis
280 2484 459 2544 derelictum
475 2481 663 2542 videbamus,
706 2479 752 2538 At
763 2479 796 2538 Ο.
810 2478 944 2538 Blossius
956 2477 1064 2537 Guma-

160 2583 227 2636 nus
243 2564 349 2644 hospes
364 2563 498 2623 familiae
513 2572 639 2632 vestrae,
655 2558 813 2630 Scaevola,
829 2579 922 2636 quum
944 2557 983 2617 ad
1005 2577 1061 2630 me,

160 2643 242 2721 quod
256 2645 379 2704 aderam
395 2643 525 2702 Laenati
546 2649 576 2700 et
598 2639 725 2717 Rupilio
748 2637 922 2698 consulibus
944 2638 974 2696 in
995 2657 1062 2698 cen-
1078 2643 1116 2703 30

139 2722 238 2796 silio,
261 2725 456 2803 deprecatum
478 2723 616 2792 venisset,
640 2720 718 2778 hanc
741 2726 775 2776 ut
799 2717 857 2776 sibi
878 2717 1062 2795 ignoscerem

161 2823 282 2862 eausam
297 2803 449 2875 afferebat,
465 2801 546 2879 quod
566 2800 645 2859 tanti
667 2798 712 2858 Ti.
736 2797 911 2858 Gracchum
934 2796 1061 2869 i'ecisset,

74 2876 77 2882 ’
160 2893 196 2942 ut
209 2883 360 2962 quidquid
373 2882 425 2941 ille
439 2881 531 2942 vellet
546 2880 603 2939 sibi
618 2877 790 2938 faciendum
806 2885 938 2955 putaret.
981 2876 1059 2935 Tum

160 2981 225 3038 ego,
243 2963 390 3033 Etiamne,
412 2963 545 3038 inquam,
560 2960 586 3018 si
601 2965 626 3017 te
640 2959 673 3016 ia
694 2958 871 3034 Capitolium
885 2958 967 3035 succe
980 2957 1062 3034 serre

160 3041 267 3100 uellet?
307 3043 488 3122 Numnam,
504 3039 612 3116 inquit,
623 3039 756 3097 uoluisset
769 3037 803 3094 id
818 3037 935 3114 quidem
942 3058 953 3106 ,·
967 3035 1026 3107 sed,
1035 3037 1062 3094 ci
1077 3039 1115 3099 35

160 3121 302 3193 columset,
315 3123 491 3199 paruissem.
533 3118 653 3178 Videtis
665 3136 754 3194 quarn
770 3117 887 3175 nefaria
899 3116 976 3178 voxl
1019 3115 1061 3174 Et

161 3198 284 3260 hercule
306 3202 350 3260 ita
373 3201 454 3271 fecit,
477 3199 525 3259 vel
548 3197 616 3276 plus
641 3199 732 3255 etiam
756 3216 847 3274 quam
872 3196 977 3266 dixit3
999 3215 1061 3252 non

160 3278 241 3337 enirn
262 3281 365 3356 paruit
386 3278 439 3337 ille
453 3278 498 3336 Ti.
515 3276 649 3338 Gracchi
663 3276 836 3346 temeritati,
850 3275 902 3333 sed
918 3274 1059 3351 praefuit,

160 3373 216 3418 nec
239 3377 271 3418 se
295 3359 434 3420 comitem
459 3356 542 3416 illius
566 3355 685 3426 furoris,
706 3354 759 3412 sed
779 3354 887 3412 ducem
908 3352 1058 3430 praebuit.

52 3493 55 3500 ·
94 3491 197 3572 a
