2522 3722
160 209 204 273 34
302 225 339 272 Μ.
370 223 401 272 r.
432 223 685 272 oronaonrs
713 223 829 271 euro
859 223 1021 272 muron.

214 389 313 442 aetate
324 400 534 459 repuerascam
546 380 618 440 etin
629 380 713 441 cunis
724 379 956 458 vagiam‚valde
967 381 1110 452 recusem,

214 481 269 521 neo
283 481 354 522 vero
374 460 476 532 velim,
495 461 580 538 quasi
602 460 726 520 decurso
747 461 855 538 spatio,
877 460 915 518 ad
938 479 1071 519 carceres
1092 479 1111 517 a
1154 501 1167 520 s

214 542 296 602 calce
324 542 468 600 revocari.
512 540 596 615 Quid
614 541 704 600 enim
732 538 825 600 habet
852 539 918 601 vita
939 538 1112 599 commodi?-

214 621 288 700 quid
308 641 369 680 non
391 620 490 699 potius
511 619 643 679 laboris?
684 620 743 680 Sed
765 619 876 680 habeat
903 639 991 690 sane3
1019 618 1110 678 habet

181 702 294 762 5certc
314 710 415 761 tamen
438 709 491 759 aut
512 701 680 759 satietatem
700 709 754 760 aut
773 700 904 760 modum.
946 698 1017 758 Non
1036 698 1112 758 libet

214 781 293 842 enim
315 781 391 841 mihi
414 780 573 858 deplorare
593 780 698 852 vitam,
718 779 798 857 quod
822 779 911 838 multi
933 788 963 839 et
985 779 1007 837 ii
1030 778 1112 838 docti

213 881 301 940 saepe
321 861 474 932 fecerunt;
496 881 593 937 neque
614 881 662 919 me
676 861 787 920 vixisse
807 860 950 938 paenitet,
968 859 1111 937 quoniam

212 942 257 1002 ita
271 941 346 1014 vixi,
361 949 395 1000 ut
416 961 476 1000 non
497 940 611 999 frustra
630 959 677 1000 me
694 948 800 998 natum
820 939 1007 1010 existimem3
1029 948 1111 998 etex

212 1022 279 1082 vita
298 1022 340 1081 ita
359 1019 478 1080 discedo
498 1029 655 1097 tamquam
671 1040 709 1079 ex
725 1019 864 1096 hospitio,
879 1039 939 1077 non
955 1027 1109 1095 tamquam

161 1101 229 1162 100
256 1100 353 1160 domo.
409 1099 624 1160 Commorandi
654 1100 734 1159 enim
763 1108 874 1158 natura
905 1099 1112 1159 devorsorium

212 1180 308 1253 nobis,
335 1200 396 1240 non
424 1179 584 1240 habitandi
614 1178 706 1239 dedit.
749 1178 777 1239 Ο
802 1179 993 1257 praeclarum
1021 1179 1112 1250 diem,

212 1280 307 1340 quum
321 1261 351 1319 in
367 1260 443 1318 illud
460 1260 598 1320 divinum
615 1261 786 1319 animorum
802 1259 965 1318 concilium
981 1268 1112 1318 coetum-

212 1361 270 1419 que
284 1340 464 1418 profieiscar‚
479 1341 632 1418 quumque
651 1360 689 1399 ex
709 1340 767 1398 hac
784 1338 876 1398 turba
893 1348 923 1398 et
940 1338 1112 1398 colluvione

211 1420 379 1480 discedam!
422 1420 601 1479 Proficiscar
616 1421 696 1480 enim
712 1439 772 1479 non
788 1419 827 1478 ad
843 1439 892 1478 eos
908 1418 1005 1477 solum
1022 1417 1111 1491 vireo,

159 1500 197 1559 15
211 1500 248 1560 de
263 1500 372 1578 quibus
387 1514 457 1558 ante
472 1500 547 1572 dixi,
559 1521 664 1560 verum
680 1500 771 1559 etiam
787 1498 825 1558 ad
842 1498 989 1558 Catonem
1002 1519 1112 1571 meum,

211 1601 270 1658 quo
292 1600 379 1639 nemo
400 1580 448 1640 vir
470 1579 575 1638 melior
596 1589 685 1640 natus
707 1589 760 1654 est,
782 1599 870 1639 nemo
892 1579 1004 1656 pietate
1027 1598 1112 1657 prae·

211 1661 355 1730 stantior3
377 1661 462 1737 cujus
486 1679 505 1717 a
528 1679 575 1718 me
600 1679 708 1738 corpus
737 1669 781 1720 est
804 1657 1112 1736 crematum-quod

211 1750 317 1800 contra
337 1740 439 1799 decuit
460 1738 498 1798 ab
520 1738 574 1798 illo
596 1760 705 1811 meum,
717 1740 884 1799 —animus
899 1759 971 1799 vero
988 1759 1048 1798 non
1064 1759 1112 1798 me

79 1884 82 1888 ,
211 1819 356 1891 deserens
371 1817 422 1878 sed
438 1829 616 1896 respectans,
632 1819 664 1877 in
679 1839 715 1878 ea
730 1820 864 1897 profecto
882 1819 950 1879 loca
968 1819 1111 1891 discessit,

158 1899 197 1959 20
211 1919 270 1979 quo
292 1899 366 1957 mihi
389 1899 445 1976 ipsi
466 1899 608 1958 cernebat
630 1919 692 1958 esse
707 1900 899 1960 veniendum.
943 1899 1041 1974 Quem
1057 1919 1112 1977 ego

210 1999 311 2038 meum
326 1999 428 2037 casum
443 1978 561 2037 fortiter
576 1978 653 2038 ferre
669 1978 751 2040 visus
766 1999 841 2050 sum,
857 1999 916 2038 non
937 1999 996 2058 quo
1016 1999 1112 2056 aequo

210 2059 312 2118 animo
326 2058 444 2129 ferrem,
459 2058 510 2117 sed
526 2078 573 2116 me
588 2059 650 2136 ipse
667 2058 845 2118 consolabar
860 2060 1036 2118 existimans
1052 2077 1112 2118 non

211 2138 412 2216 longinquum
434 2139 512 2197 inter
535 2157 588 2197 nos
610 2138 777 2214 digressum
802 2147 832 2197 et
855 2139 1015 2197 discessum
1039 2139 1111 2198 fore.

211 2217 269 2277 His
295 2217 371 2276 mihi
395 2217 493 2289 rebus,
519 2216 722 2295 scipta—id
748 2218 828 2278 enim
853 2226 883 2278 te
907 2235 977 2276 cum
1005 2217 1112 2277 Laelio

157 2299 196 2358 25
210 2297 354 2358 admirari
369 2297 464 2356 solere
475 2297 580 2356 dixisti
589 2297 714 2358 -levis
729 2308 772 2358 est
787 2306 932 2369 senectus,
945 2318 999 2357 nec
1013 2298 1112 2357 solum

210 2399 270 2438 non
297 2377 429 2449 molesta,
453 2378 504 2436 scd
529 2377 619 2436 etiam
642 2378 789 2455 jucunda.
832 2377 923 2453 Quod
948 2377 973 2436 si
998 2377 1030 2436 in
1055 2376 1112 2436 hoc

210 2478 285 2525 erro,
300 2458 352 2535 qui
373 2458 489 2516 animos
512 2457 671 2516 hominum
694 2457 880 2516 immortales
900 2477 962 2517 esse
981 2457 1111 2529 credam,

211 2537 341 2597 libenter
358 2557 434 2608 erro,
452 2557 507 2597 nee
530 2538 605 2595 mihi
629 2536 710 2596 hunc
732 2557 948 2614 erroremque
969 2535 1112 2609 delector,

211 2617 284 2676 dum
299 2618 379 2688 vivo,
396 2617 569 2694 extomueri
589 2615 674 2686 voio;
696 2617 742 2674 sin
764 2626 909 2687 mortuus,
932 2625 966 2675 ut
986 2616 1112 2694 quidam

158 2698 196 2758 30
212 2697 321 2756 minuti
337 2697 509 2775 philosophi
525 2706 655 2768 consent,
670 2696 748 2754 nihil
768 2697 905 2767 sentiam,
921 2715 981 2754 nou
997 2715 1112 2768 vereor,

210 2797 248 2837 ne
264 2777 344 2836 bunc
359 2797 490 2836 errorem
511 2797 609 2835 meum
631 2775 802 2854 philosophi
822 2776 933 2835 mortui
955 2775 1111 2834 irrideant.

211 2856 301 2932 Quod
313 2857 337 2915 si
348 2877 408 2915 non
418 2876 520 2915 sumus
532 2855 717 2914 immortales
728 2855 833 2925 futuri,
847 2865 947 2915 tamen
959 2853 1111 2932 exstingui

211 2936 325 2996 homini
342 2956 396 2995 suo
411 2945 546 3014 tempore
561 2933 695 3012 optabile
707 2945 758 2994 cst.
801 2935 882 2993 Nam
895 2933 987 2992 habet
1001 2945 1113 2992 natura

211 3026 245 3076 ut
260 3015 390 3075 aliarum
402 3036 502 3074 rerum
514 3015 649 3074 omnium
664 3014 706 3072 sie
718 3014 841 3074 vivendi
855 3014 998 3084 mo‹lum;
1014 3033 1112 3072 senec-

159 3097 196 3157 35
211 3106 259 3157 tus
273 3105 373 3155 nutem
387 3096 495 3155 aetatis
511 3104 554 3153 est
569 3094 701 3171 peractio
714 3102 868 3170 tamquam
883 3092 1013 3163 i'abulae,
1026 3093 1112 3168 eujus

211 3176 460 3255 defatigationem
481 3175 585 3252 fugere
607 3173 758 3245 debemus,
775 3173 950 3251 praesertim
966 3171 1113 3250 adjuncta

211 3258 358 3316 satietate.
794 3264 797 3274 ¹

253 3335 340 3396 Haec
362 3333 456 3395 habui
478 3332 515 3391 de
536 3340 688 3392 senectute
709 3351 785 3409 quae
807 3331 946 3400 dicerem,
962 3329 1000 3388 ad
1020 3349 1111 3407 quam

213 3416 331 3475 utinam
355 3413 605 3492 perveniebant
628 3431 671 3483 ea,
694 3430 771 3488 quae
792 3430 830 3469 ex
851 3430 899 3468 me
922 3408 1057 3480 audistis,
1080 3429 1113 3468 re

159 3494 198 3554 40
212 3493 328 3572 experti
344 3493 472 3572 probare
486 3491 613 3570 possitis,
