2524 3712
448 203 564 254 caro
594 204 757 253 nnana.
1064 186 1105 250 31

96 400 98 406 ι
155 360 311 434 fectus,'ut
333 361 423 421 fidem
445 361 526 421 hosti
548 360 652 420 datam
676 368 876 432 conservaret,
895 380 955 419 non
979 358 1054 418 duos
1078 369 1097 408 N

156 443 321 521 Scipiones,
330 443 382 519 qui
394 441 450 500 iter
464 441 571 500 Poenis
582 440 629 500 vel
640 461 720 517 corp
735 440 816 497 rihus
828 440 888 498 suis
900 439 1054 499 obstruere

157 523 329 594 voluerunt,
353 542 414 580 non
439 541 530 580 avum
554 530 641 580 tuum
667 521 703 580 L.
726 521 867 590 Paulum,
886 520 937 598 qui
960 529 1055 584 morte

158 602 217 662 luit
230 603 364 679 collegae
378 602 411 660 in
426 600 577 661 Cannensi
594 599 761 678 ignominia
772 599 982 670 temeritatem,
995 618 1054 657 non

159 682 201 743 M.
231 682 424 754 Marcellum,
453 681 539 759 cujus
567 680 723 739 interitum
758 698 796 738 ne
832 678 1056 738 crudelissimus
1091 679 1109 737 5

159 762 281 841 quidem
305 763 397 822 hostis
423 762 536 820 honore
555 759 730 839 sepulturae
752 778 854 818 carere
876 777 979 836 passus
1003 767 1056 830 eat,

159 842 211 903 sed
231 841 362 920 legiones
385 851 509 912 nostras,
531 840 612 918 quod
633 839 740 918 scripsi
761 839 793 896 in
815 837 1003 916 Originibus
1024 839 1057 897 in

160 943 225 981 eum
250 921 350 980 locum
374 941 463 1000 saepe
486 921 636 1000 prolectas
658 917 753 978 alacri
775 918 876 977 animo
898 926 928 977 et
948 927 1072 990 erecto·

162 1002 241 1060 unde
268 1021 299 1061 se
322 1001 470 1061 redituras
498 1020 664 1078 numquam
690 999 921 1059 arbitrarentur.
966 997 1057 1074 Quod

161 1082 255 1161 igitur
276 1081 479 1140 adolescentes
499 1089 529 1140 et
548 1081 569 1138 ii
587 1078 709 1158 quidem
731 1098 792 1138 non
813 1077 911 1138 solum
933 1078 1058 1150 indocti,
1073 1076 1111 1138 10

161 1161 213 1222 sed
238 1161 330 1220 etiam
356 1161 470 1232 rustici,
493 1168 701 1231 contemnunt,
727 1158 759 1217 id
788 1157 869 1218 docti
898 1178 980 1217 senes
1008 1178 1059 1216 ex·

162 1242 340 1302 timescent?
374 1240 517 1312 Omnino,
533 1250 568 1299 ut
582 1239 657 1299 mihi
673 1238 796 1317 quidem
811 1238 942 1310 videtur,
958 1258 1059 1296 rerum

163 1322 298 1382 omnium
309 1321 431 1380 satietas
440 1321 522 1382 vitae
531 1319 605 1380 facit
616 1321 795 1379 satietatem.
824 1317 902 1377 Sunt
912 1319 1060 1396 pueritiae

163 1401 264 1461 studia
279 1413 377 1460 certa:
399 1420 472 1458 num
488 1400 583 1478 igitur
596 1419 632 1458 ea
647 1399 820 1459 desiderant
835 1397 1060 1458 adolescentes?

164 1481 242 1541 Sunt
264 1481 395 1540 ineuntis
418 1480 656 1540 adolescentiae:
680 1499 754 1538 num
776 1499 811 1537 ea
834 1488 973 1538 constans
993 1479 1059 1556 jam
1076 1479 1113 1538 15

164 1561 291 1640 requirit
305 1570 395 1632 aetas,
411 1580 487 1645 quac
502 1546 602 1618 media
616 1539 750 1618 diciiur?
792 1558 870 1618 Sunt
885 1559 978 1618 etiam
997 1559 1061 1637 ejus
1092 1570 1102 1593 ‘

165 1641 290 1712 aetatis;
305 1661 392 1700 neca
428 1641 528 1699 uidem
543 1651 731 1718 quaeruntur
745 1639 777 1696 in
792 1647 953 1698 senectute.
982 1638 1062 1698 Sunt

114 1736 116 1741 ·
165 1731 303 1783 extrema
324 1739 364 1798 qu
424 1741 474 1779 am
496 1719 598 1780 studia
619 1719 798 1790 senectutis;
821 1738 902 1796 ergo,
922 1727 956 1777 ut
976 1738 1061 1796 supe-

165 1801 279 1860 riorum
301 1810 435 1860 aetatum
456 1799 558 1873 studia
578 1799 730 1870 (occidunt,
746 1799 789 1857 sic
805 1798 949 1856 occidunt
969 1799 1062 1857 etiam

166 1881 345 1951 senectutis;
367 1879 448 1959 quod
469 1899 562 1958 quum
584 1879 694 1952 evenit,
709 1878 832 1938 satietas
846 1879 929 1938 vitae
943 1886 1061 1956 tempus
1078 1877 1116 1938 20

167 1971 321 2020 maturum
336 1960 441 2019 mortis
455 1960 550 2018 affert.

207 2039 302 2102 XXl.
324 2040 394 2098 Non
416 2039 496 2099 enirn
510 2039 599 2100 video
620 2059 683 2110 cur,
700 2038 773 2118 quid
795 2038 858 2118 ipse
878 2037 1003 2098 sentiam
1026 2037 1064 2096 de

169 2131 273 2192 morte,
295 2140 357 2179 non
381 2118 509 2179 audeam
532 2119 619 2181 vobis
644 2119 751 2190 dicero,
777 2118 858 2198 quod
883 2138 917 2177 eo
943 2137 1064 2177 cernere
1095 2137 1107 2164 ν

169 2200 243 2260 mihi
265 2199 373 2259 melius
388 2199 500 2272 videor,
519 2219 579 2277 qno
593 2199 632 2260 ab
647 2219 681 2258 ea
696 2200 819 2278 propius
839 2197 954 2258 absum.
997 2197 1064 2273 Ego

170 2289 282 2340 vestros
304 2289 412 2357 patras,
433 2288 476 2352 tu,
497 2278 607 2356 Scipio,
625 2288 727 2356 tuque,
748 2279 844 2350 Laeli,
861 2279 940 2338 viros
963 2277 1063 2336 claris·
1079 2275 1118 2336 25

168 2360 258 2420 simos
279 2360 414 2438 mihique
434 2359 640 2431 amicissimos,
662 2361 765 2419 vivere
785 2358 925 2430 arbitror,
948 2369 978 2417 et
998 2377 1064 2416 eam

171 2439 291 2518 quidem
307 2439 413 2511 vitam,
427 2458 504 2516 quae
518 2453 562 2498 est
580 2439 644 2498 sola
658 2439 723 2500 vita
737 2437 930 2498 nominanda.
973 2437 1064 2511 Nam,

170 2521 243 2578 dum
277 2537 380 2578 sumus
416 2518 526 2578 inclusi
555 2519 585 2576 in
615 2520 661 2578 his
693 2517 889 2595 compagibus
923 2519 1064 2596 corporis,

171 2618 294 2657 munere
314 2596 447 2676 quodam
467 2599 650 2658 necessitatis
665 2607 694 2658 et
708 2597 794 2675 gravi
811 2618 898 2675 opere
913 2597 1065 2676 perlongi-

171 2699 255 2749 mur;
270 2688 315 2738 est
325 2678 404 2737 enim
417 2678 536 2738 animus
552 2679 687 2738 caelestis
698 2698 737 2736 ex
751 2677 896 2736 altissimo
911 2677 1065 2736 domicilio
1080 2677 1119 2736 30

172 2757 326 2836 depressus
340 2767 370 2818 et
385 2758 470 2835 quasi
484 2758 637 2818 demersus
652 2759 683 2815 in
699 2766 820 2828 terram,
832 2757 932 2816 locum
943 2758 1066 2816 (livinae

88 2834 93 2851 '
171 2850 298 2897 naturae
319 2837 553 2917 aeternitatique
567 2838 762 2897 contrarium.
806 2836 864 2896 Sed
887 2837 975 2896 credo
995 2837 1065 2895 deos

172 2916 357 2978 immortales
377 2919 519 2996 sparsisse
539 2917 656 2977 animos
674 2917 706 2976 in
728 2935 855 2994 corpora
874 2917 1017 2989 humana,
1033 2925 1067 2974 ut

171 3009 277 3070 essent,
291 2997 344 3074 qui
365 3006 460 3056 terras
481 3007 647 3076 tuerentur,
662 2997 774 3074 quique
795 2996 967 3056 caelestium
989 2996 1066 3055 ordi-

172 3097 240 3136 nem
253 3077 492 3155 contemplantes
501 3077 693 3136 imitarentur
705 3095 773 3135 eum
784 3076 865 3136 vitae
876 3075 965 3135 modo
975 3088 1065 3156 atque
1081 3075 1119 3134 35
1143 3089 1150 3120 ¹

173 3157 349 3216 constantia.
392 3156 457 3215 Nec
478 3175 526 3214 me
546 3155 644 3215 solum
667 3157 743 3214 ratio
769 3175 804 3214 ac
828 3155 994 3233 disputatio
1013 3157 1066 3211 im·

172 3236 260 3314 pulit,
273 3246 306 3295 ut
322 3237 365 3295 ita
380 3236 541 3308 crederem,
552 3235 603 3294 scd
615 3234 759 3294 nobilitas
774 3234 864 3292 etiam
879 3253 1065 3292 summorum

194 3315 420 3394 hilosophorum
432 3324 463 3374 et
473 3315 643 3374 auctoritas.
673 3314 846 3371 Audicham
861 3313 1066 3388 Pythagoram

172 3335 446 3474 l'ythagoreosquc,
472 3394 585 3452 imolas
613 3413 709 3470 paene
738 3401 861 3460 nostros,
890 3393 941 3466 qui
970 3396 1066 3447 essent

170 3473 275 3539 ltalici
286 3474 458 3554 philosophi
470 3473 622 3588 qpppfflm
633 3469 791 3539 nominati,
802 3487 968 3544 numquam
980 3464 1065 3523 dubi·
1080 3465 1119 3522 40
