2524 3712
151 152 192 217 18
394 167 432 217 n.
463 169 628 217 runnrr
658 169 910 216 c1cnaon1s

207 345 311 386 carum
336 346 438 386 omnes
460 325 632 398 habebant;
653 325 776 404 vigebat
796 327 828 386 in
850 327 906 387 illa
927 326 1017 388 domo
1037 346 1102 388 mos

204 406 321 485 patrius
336 416 366 466 et
381 407 550 484 disciplina.
593 405 643 465 Ita
664 407 744 465 enim
766 416 902 467 senectus
919 408 1045 468 honesta
1058 415 1102 468 est

204 487 228 546 si
251 507 282 545 se
306 487 373 565 ipsa
397 486 541 558 defendit,
562 485 587 544 si
611 487 661 564 jus
689 506 776 544 suum
805 487 923 558 retinet,
942 487 966 546 si
987 487 1102 546 nemini

204 566 379 645 mancipata
393 574 445 637 est,
460 565 485 624 si
507 585 601 643 usque
622 564 661 623 ad
684 565 825 624 ultimum
847 565 988 644 spiritum
1009 567 1103 627 domi·

171 647 295 705 linatur
322 645 355 704 in
382 665 458 704 suos.
500 643 546 706 Ut
570 645 650 703 enim
676 643 904 717 adolescentem,
925 646 956 704 in
979 665 1037 725 quo
1058 655 1103 707 est

203 724 296 784 senile
317 724 444 803 aliquid,
459 724 501 784 sic
522 745 631 794 senem,
653 724 684 782 in
707 744 766 802 quo
786 732 831 784 est
851 724 968 804 aliquid
990 725 1103 785 adoles-

204 805 308 876 centis,
323 805 434 884 probo;
456 803 538 882 quod
552 804 605 882 qni
621 804 766 882 sequitur,
782 825 907 882 corpore
927 825 1019 864 senex
1040 825 1102 866 esse

204 885 324 963 poterit,
338 885 440 944 animo
460 903 627 962 numquam
649 883 714 943 erit.
757 882 908 962 Septimus
929 884 1004 943 mihi
1025 884 1103 946 liber

205 964 366 1042 Originum
388 974 433 1024 cst
453 963 485 1022 in
506 963 664 1035 manibus3
686 963 788 1022 omnia
808 964 999 1043 antiquitatis
1019 985 1103 1024 mon·

152 1045 191 1106 10
205 1053 329 1103 umeuta
354 1043 482 1122 colligo;
511 1062 670 1102 causarum
699 1043 874 1116 illustrium,
899 1064 1103 1122 quascumque

123 1173 137 1191 ,
205 1123 335 1194 dafendi,
351 1144 432 1182 nunc
453 1144 546 1200 quum
568 1122 701 1182 maxime
723 1123 848 1182 conficio
869 1124 1034 1195 orationes3
1049 1125 1102 1202 jus

206 1204 377 1281 augurium,
392 1203 590 1281 pontificium,
610 1202 701 1262 civile
722 1211 836 1275 tracto;
858 1203 988 1262 multum
1010 1204 1103 1263 etiam

206 1281 331 1343 Graecis
351 1283 461 1342 litteris
481 1291 559 1350 utor,
575 1281 896 1360 Pythagoreorumque
917 1302 1000 1342 more
1019 1303 1103 1342 exer·

206 1361 319 1422 cendae
341 1362 501 1421 memoriae
523 1361 632 1440 gratia,
655 1362 728 1438 quid
751 1383 868 1440 quoque
891 1362 940 1420 die
963 1361 1103 1435 dixerim,

153 1444 192 1504 15
206 1441 364 1514 audierim,
392 1441 513 1520 egerim,
542 1461 742 1500 commemoro
769 1442 894 1519 vesperi.
936 1441 1006 1501 Hae
1032 1451 1104 1502 sunt

205 1519 435 1582 exercitationes
456 1520 580 1600 ingenii,
595 1521 671 1579 haec
690 1520 843 1580 curricula
863 1520 989 1592 mentis;
1010 1521 1040 1580 in
1057 1521 1104 1582 his

206 1600 356 1661 desudans
377 1610 469 1680 atque
488 1601 648 1661 elaborans
669 1601 801 1679 corporis
816 1601 894 1661 vires
912 1621 974 1659 non
993 1620 1104 1679 magno

206 1701 295 1758 opere
319 1681 465 1742 desidero.
507 1680 626 1742 Adsum
650 1681 772 1750 amieis;
795 1680 884 1740 renio
910 1680 940 1739 in
966 1690 1103 1741 senatum

205 1760 354 1841 frequens,
377 1761 517 1840 ultroque
538 1762 629 1820 affero
651 1781 696 1820 res
718 1761 848 1820 multum
869 1768 898 1819 et
919 1760 973 1819 din
992 1761 1104 1839 cogita·

153 1844 193 1904 20
206 1849 261 1913 tas,
276 1861 384 1919 easque
404 1851 490 1900 tueor
511 1839 615 1912 animi,
629 1861 690 1900 non
705 1841 837 1918 eorporis
851 1839 976 1900 viribus.
1019 1841 1104 1916 Quas

181 1971 191 1989 ,
206 1921 231 1980 si
246 1923 370 1999 exsequi
384 1921 548 2000 nequirem,
562 1931 664 1980 tamen
685 1941 734 1978 me
755 1920 884 1979 lectulus
904 1941 987 1980 meus
1008 1920 1105 1980 oblec-

206 2010 286 2062 taret
300 2021 335 2061 ea
349 2001 415 2080 ipsa
430 2002 622 2080 cogitantem,
633 2021 711 2080 qnae
721 2001 785 2079 jam
801 2019 889 2078 ogere
901 1999 1087 2078 non'possem
1095 2021 1103 2072 3

207 2081 258 2141 sed
279 2089 314 2142 ut
334 2082 442 2160 possim
465 2081 540 2140 facit
561 2089 631 2140 acta
652 2081 725 2141 vita.
767 2078 891 2158 Semper
907 2079 987 2138 eninr
1007 2080 1039 2139 in
1057 2079 1104 2139 his

207 2162 315 2222 studiis
335 2161 549 2239 laboribusque
563 2161 680 2222 viventi
698 2180 758 2220 non
775 2159 967 2237 intelligitur,
982 2159 1104 2237 quando

154 2243 193 2304 25
207 2240 333 2320 obrepat
347 2249 491 2311 senectus.
519 2239 570 2300 Ita
580 2241 688 2300 sensim
702 2239 766 2300 sine
779 2259 866 2298 sensu
877 2247 959 2298 aetas
969 2239 1104 2312 senescit,

207 2341 263 2381 nec
277 2321 377 2381 subito
390 2321 552 2399 frangitur,
566 2320 617 2380 sed
633 2319 835 2378 diuturnitate
850 2319 1063 2396 exstinguitur.

246 2401 325 2462 XII.
347 2400 490 2479 Sequitur
510 2401 600 2460 tertia
621 2398 805 2477 vituperatio
824 2397 996 2470 senectutis,
1021 2397 1102 2475 quod
1189 2385 1190 2388 Ἴ
1244 2425 1245 2436 ’

206 2501 272 2542 eam
285 2501 387 2541 carere
395 2481 502 2540 dicunt
510 2478 727 2558 voluptatibus.
757 2476 984 2556 Opracclarum
995 2497 1104 2537 munus

207 2562 323 2634 aetatis,
338 2561 364 2621 si
378 2560 500 2638 quidem
514 2558 546 2618 id
561 2558 661 2618 aufert
674 2578 694 2617 a
707 2557 803 2629 nobis,
817 2557 898 2635 quod
917 2566 962 2616 est
981 2557 1013 2616 in
1035 2558 1104 2618 ado·

154 2641 194 2703 30
208 2641 352 2702 lescentia
365 2639 609 2702 vitiosissimum!
650 2636 793 2717 Accipite
807 2637 897 2710 enim,
912 2637 1018 2715 optimi
1034 2637 1104 2698 ado·

206 2722 360 2794 lescentes,
388 2729 520 2780 veterem
553 2717 719 2777 orationem
748 2717 905 2795 Archytae
936 2716 1103 2789 Tarentini,

206 2801 310 2880 magni
331 2801 363 2860 in
384 2800 490 2878 primis
510 2806 540 2858 et
560 2797 709 2876 praeclari
724 2797 794 2870 riri,
807 2817 885 2874 quae
900 2795 975 2854 mihi
990 2796 1104 2856 tradita
1187 2819 1190 2824 ·

206 2889 259 2953 est,
275 2901 368 2959 quum
383 2900 474 2939 essem
490 2877 663 2937 adolescens
677 2876 801 2936 Tarenti
817 2897 884 2934 oum
901 2876 938 2951 Q.
954 2875 1101 2954 Maximo

206 2960 335 3020 Nullam
355 2958 564 3036 capitaliorem
586 2965 699 3037 pestem
720 2977 810 3034 quarn
830 2955 1018 3034 voluptatem
1040 2977 1103 3016 cor-

152 3039 192 3099 35
206 3042 286 3118 poris
302 3037 475 3098 hominibus
489 3037 611 3098 dicebat
625 3056 643 3095 a
657 3045 768 3095 natura
777 3035 890 3107 datam,
903 3036 988 3114 cujus
998 3036 1103 3114 volup

205 3119 277 3179 tatis
292 3119 400 3178 avidae
411 3118 553 3178 libidines
563 3126 673 3177 temere
684 3125 714 3175 et
724 3116 866 3174 effrenate
875 3115 913 3174 ad
926 3115 1102 3194 potiendum

205 3199 421 3268 incitarentur;
443 3197 516 3257 hinc
542 3197 660 3275 patriae
686 3194 880 3274 proditiones
905 3195 977 3254 hinc
1002 3216 1103 3254 rerum
1165 3215 1170 3223 ·

205 3278 396 3356 publicarum
412 3278 588 3347 eversiones,
598 3275 670 3335 hinc
680 3295 748 3334 cum
763 3273 899 3334 hostibus
913 3274 1103 3344 clandestina

205 3356 357 3436 colloquia
370 3355 471 3429 nasci;
491 3355 613 3432 nullum
634 3354 764 3432 denique
784 3354 889 3427 scelus,
906 3353 1026 3415 nullum
1042 3377 1102 3416 mu-
