2524 3712
493 192 709 241 aramus.
1062 171 1106 235 43

148 349 312 412 abundant
326 357 356 411 et
370 348 518 410 imbecilli
529 348 642 420 valent,
653 357 692 422 et,
704 346 785 427 quod
799 345 953 407 difficilius
967 344 1052 406 dictu

149 441 204 503 est,
216 431 329 490 mortui
341 430 468 490 vivunt:
485 437 588 488 tantus
599 448 648 488 eos
659 428 762 498 honos,
774 428 929 499 memoria,
939 426 1052 485 deside·

149 511 229 570 rium
252 509 445 588 prosequitur
465 509 641 568 amicorum.
683 507 735 567 Ex
749 527 808 584 quo
824 506 947 567 illorum
965 504 1053 565 beata

150 611 231 650 mors
262 590 393 661 videtur,
428 588 537 647 horum
573 588 639 647 vita
673 585 847 646 laudabilis.
903 585 994 662 Quod
1027 585 1052 644 si

150 670 298 729 exemeris
325 689 364 728 ex
392 688 493 728 rerum
522 676 633 726 natura
661 665 890 726 benevolentiae
914 666 1054 745 conjunc·
1087 663 1107 724 5

151 749 274 822 tionem,
285 769 341 809 nec
356 747 463 810 domus
479 747 545 808 ulla
560 767 614 806 nec
628 746 700 806 urbs
714 755 794 805 stare
809 745 927 824 poterit,
938 766 977 804 ne
987 744 1054 823 agri

152 829 275 907 quidem
294 829 394 890 cultus
414 825 612 909 permanebit.
656 826 694 886 Id
708 826 732 886 si
748 825 847 885 minus
861 824 1053 903 intelligitur,

152 919 268 988 quanta
278 910 323 970 vis
338 910 491 970 amicitiae
503 907 740 985 concordiaeque
755 906 803 978 sit,
815 927 854 965 ex
865 905 1054 965 dissensioni·

152 987 210 1048 bus
220 997 310 1066 atque
324 1010 362 1048 ex
377 989 536 1050 discordiis
552 987 683 1068 perspici
693 994 803 1066 potest;
819 1008 897 1065 quae
910 986 990 1046 enim
1005 987 1055 1046 do·

153 1089 220 1128 mus
234 1077 297 1128 tarn
306 1069 433 1141 stabilis,
444 1090 522 1147 quae
537 1079 600 1129 tam
616 1067 704 1127 firma
719 1068 827 1128 civitas
840 1076 893 1140 est,
905 1087 982 1146 quae
994 1087 1054 1126 non
1071 1064 1110 1124 10

153 1149 230 1208 odiis
257 1158 286 1208 et
313 1147 447 1208 discidiis
475 1150 614 1210 funditus
644 1150 737 1228 possit
765 1147 881 1209 everti?
923 1147 1055 1226 Exque

153 1237 302 1306 quantum
316 1227 387 1288 boni
406 1229 446 1288 sit
461 1230 493 1288 in
507 1230 644 1290 amicitia
662 1228 797 1307 judicari
818 1236 923 1308 potest
966 1227 1055 1304 Agri·

153 1309 311 1386 gentinum
322 1307 445 1386 quidem
459 1309 582 1369 doctum
594 1309 747 1388 quendam
759 1309 860 1369 virum
871 1307 1056 1368 carminibus

154 1387 280 1448 Graecis
300 1387 501 1450 vaticinatum
525 1389 636 1462 ferunt,
664 1409 743 1468 quae
767 1390 799 1448 in
825 1410 925 1449 rerum
945 1397 1056 1447 natura

154 1476 277 1545 totoque
301 1468 414 1528 mundo
439 1477 612 1530 constarent
639 1489 775 1548 quaeque
797 1477 1000 1540 moverentur,
1021 1489 1056 1527 ea
1072 1464 1110 1524 15

155 1547 334 1608 contrahere
352 1548 529 1622 amicitiam,
550 1550 699 1629 dissipare
721 1550 911 1610 discordiam.
953 1548 1057 1627 Atque

154 1627 212 1688 hoc
227 1626 349 1704 quidem
369 1648 472 1688 ornnes
490 1629 635 1689 mortales
658 1639 689 1690 et
710 1629 887 1708 intelligunt
902 1637 932 1689 et
945 1649 978 1688 re
992 1649 1056 1707 pro

155 1705 239 1766 bant.
282 1706 398 1785 Itaque,
424 1708 449 1767 si
474 1710 596 1787 qnando
626 1709 751 1788 aliquod
779 1709 911 1769 officium
940 1709 1058 1768 exstitit

156 1786 245 1848 amici
260 1786 292 1846 in
307 1787 449 1866 periculis
470 1797 524 1848 aut
545 1789 694 1850 adeundis
715 1799 769 1850 aut
790 1789 1057 1859 communicandis,

156 1867 224 1945 quis
238 1875 291 1938 est,
306 1867 359 1945 qui
374 1867 405 1926 id
419 1887 481 1928 non
498 1870 641 1930 maximis
663 1870 767 1930 efferat
789 1869 952 1930 laudibus?
979 1869 1057 1945 'Qui
1073 1863 1112 1926 20

158 1946 303 2006 clamores
322 1957 386 2006 tota
403 1968 498 2009 cavea
518 1971 616 2027 nuper
637 1951 670 2010 in
691 1950 818 2030 hospitis
838 1959 869 2010 et
888 1949 978 2010 amici
999 1950 1058 2008 mei

158 2025 202 2086 M.
220 2025 347 2087 Pacuvii
369 2047 449 2088 nova
470 2029 592 2089 fabula!
617 2051 721 2109 quum,
736 2031 896 2110 ignorante
909 2050 978 2110 rege
992 2040 1059 2088 uter

157 2105 278 2166 Orestes
292 2115 375 2178 esset,
391 2107 521 2186 Pylades
537 2109 675 2170 Orestem
695 2131 726 2170 se
744 2131 805 2170 esse
819 2112 941 2178 diceret,
956 2119 990 2169 ut
1003 2130 1058 2188 pro

141 2185 213 2270 ‘illo
227 2197 402 2259 necaretur;
424 2187 543 2248 Orestes
559 2199 670 2263 autem,
687 2191 730 2250 ita
744 2199 779 2250 ut
793 2200 866 2263 erat,
878 2189 1014 2250 Orestem
1028 2209 1059 2249 se

158 2285 220 2325 esse
248 2277 459 2344 perseveraret.
503 2268 624 2329 Stantes
653 2269 840 2350 plaudebant
860 2271 891 2330 in
912 2290 944 2329 re
964 2270 1057 2329 ficta:
1074 2263 1112 2324 25

160 2345 233 2423 quid
261 2345 447 2406 arbitramur
475 2347 506 2407 in
535 2369 609 2410 vcra
637 2351 770 2410 facturos
797 2351 908 2410 fnisse?
955 2349 1060 2409 Facile

159 2425 315 2484 indicabat
330 2426 395 2504 ipsa
409 2437 520 2487 natura
532 2429 595 2490 vim
609 2450 705 2502 suam,
717 2451 813 2508 quum
825 2430 968 2502 homines,
980 2429 1058 2507 quod

159 2503 257 2564 facere
272 2505 329 2582 ipsi
344 2526 405 2566 non
420 2519 550 2584 possent,
566 2509 598 2569 id
613 2519 694 2570 recte
708 2509 773 2569 fieri
787 2511 819 2568 in
834 2511 929 2570 altero
943 2509 1060 2588 judica·
1128 2573 1135 2587 „

160 2593 235 2644 rent.
278 2583 436 2646 Hactenus
458 2587 534 2646 mihi
554 2589 668 2663 videor,
687 2589 725 2649 de
745 2590 881 2650 amicitia
902 2589 976 2668 quid
997 2610 1059 2648 sen-

159 2664 257 2736 tirem,
273 2665 403 2743 potuisse
418 2666 534 2727 dicere:
558 2669 645 2747 siqua
659 2678 814 2746 praeterea
834 2679 961 2741 sunt,-
971 2669 1059 2728 credo
1075 2663 1114 2725 30

160 2753 261 2804 autem
289 2765 350 2804 esse
378 2747 583 2820 multa—ab
611 2749 657 2822 iis,
682 2750 707 2810 si
735 2749 898 2824 videbitur,
923 2749 975 2827 qui
1003 2749 1071 2817 ista,

160 2823 324 2962 disputant,
339 2827 516 2904 quaeritote.
565 2841 573 2888 l
1044 2829 1053 2850 '

225 2921 359 2966 Annius.
382 2905 445 2966 Nos
460 2928 533 2969 vero
546 2929 566 2968 a
580 2918 610 2969 te
624 2909 740 2988 potius:
763 2929 947 2987 quamquam
968 2909 1059 2969 etiam

79 3009 81 3018 ¹
160 2981 200 3044 ab
214 2983 277 3043 ictis
291 3004 379 3063 saepe
395 2989 531 3064 quaesivi
546 2998 576 3049 et
590 2989 695 3050 audivi
706 3010 766 3050 non
778 2989 892 3050 invitus
904 2988 1041 3068 equidem
1053 3009 1078 3060 ;.

159 3061 212 3124 sed
226 3061 311 3122 alind
326 3066 481 3143 quoddam
496 3068 581 3127 lilum
597 3069 741 3128 orationis
755 3078 833 3129 tuae.
1075 3064 1113 3124 35
1172 3067 1176 3074 ’

199 3139 385 3206 Sosrvom.
408 3145 487 3205 Tum
502 3148 598 3226 magis
612 3149 644 3207 id
659 3149 782 3220 diceres,
799 3148 908 3220 Fanni,
923 3148 948 3208 si
963 3168 1060 3226 nuper

160 3221 193 3284 in
212 3221 308 3283 bortis
330 3223 487 3302 Scipionis,
509 3248 602 3304 quum
628 3236 672 3287 est
696 3229 734 3287 de
758 3247 790 3287 re
814 3227 938 3305 publica
959 3227 1060 3306 dispu-

160 3309 268 3376 tatum,
284 3304 428 3363 affuisses.
470 3306 578 3381 Qualis
598 3314 663 3366 tum
682 3315 828 3384 patronus
843 3307 982 3386 justitiae
1000 3307 1060 3365 fuit

160 3389 266 3442 contra
281 3391 455 3442 accuratam
469 3386 636 3446 orationem
650 3385 750 3446 Phili!
