2524 3712
486 226 704 275 cramus.
1057 211 1119 276 ff

144 403 220 445 mus.
263 381 341 460 Quis
361 392 407 443 est
427 383 479 461 qui
500 383 534 444 O.
557 384 702 457 Fabricii,
717 383 770 445 Μ’.
791 383 876 446 Curii
895 405 956 446 non
976 405 1045 445 cum

145 465 272 524 caritate
300 462 405 541 aliqua
432 463 580 524 benevola
608 465 785 524 memoriam
814 475 948 543 usurpet,
972 486 1046 542 quos

144 563 311 621 numquam
325 543 459 603 viderit?
500 544 578 618 Quis
591 554 693 604 autem
713 545 828 622 estqui
847 544 1046 622 Tarquinium

145 622 326 700 Superbum,
341 623 393 700 qui
407 622 458 699 Sp.
474 622 621 694 Cassium,
632 623 683 701 Sp.
697 623 846 682 Maelium
857 644 917 682 non
931 624 1047 684 oderit?

145 702 224 762 Cum
238 702 356 761 duobus
371 701 499 761 ducibus
518 703 555 761 dc
574 703 701 782 imperio
721 705 754 762 in
773 701 865 762 Italia
884 714 929 762 est
948 704 1046 763 decer·
1081 705 1100 763 5
1124 703 1129 711 ’

145 791 254 853 tatum,
268 781 389 859 Pyrrho
404 790 433 840 et
449 780 644 842 Hannibale:
666 782 706 842 ab
724 783 821 842 altero
841 793 964 862 propter
981 803 1046 862 pro·

145 863 272 921 bitatem
300 863 366 941 ejus
391 881 453 920 non
480 861 570 921 nimis
600 862 714 921 alienos
743 863 860 932 animos
891 861 1046 935 habemus,

145 942 276 1034 alterum
303 951 427 1020 propter
456 942 668 1002 crudelitatem
711 963 780 1022 emp
808 963 814 976 ·
838 942 913 1002 haec
938 943 1047 1003 civitas

144 1022 252 1162 millii
269 1102 400 1178 Quodsi
414 1003 653 1182 tandbffisibb
677 1104 737 1163 atis
752 963 935 1177 esspuqeam
951 1101 999 1163 vel
1015 1103 1046 1162 in
1062 1102 1100 1161 10

870 1205 882 1262 J

145 1182 191 1254 iis,
213 1203 287 1260 quos
307 1202 474 1260 numquam
495 1184 638 1254 vidimus,
653 1183 712 1255 vel,
727 1183 809 1262 quod
824 1185 920 1242 ma'us
941 1191 993 1255 est,
1014 1183 1046 1241 in

145 1263 232 1322 hoste
259 1263 350 1322 etiam
381 1263 553 1341 diligamus,
578 1263 653 1341 quid
682 1263 792 1324 mirum
822 1272 875 1335 est,
899 1263 926 1322 si
952 1262 1047 1322 animi

145 1341 305 1402 hominum
325 1352 515 1414 moveantur,
537 1363 631 1422 quum
652 1363 767 1416 eorum,
791 1342 969 1422 quibuscum
990 1362 1047 1402 usu

146 1421 302 1501 conjuncti
326 1443 388 1482 esse
413 1434 546 1502 possunt,
569 1423 713 1484 virtutem
740 1431 770 1482 et
795 1423 959 1482 bonitatem
983 1441 1047 1500 per·

146 1503 260 1580 spicere
272 1502 455 1564 videantur?
496 1504 691 1580 Quamquam
709 1502 905 1562 confirmatur
920 1521 1004 1560 amor
1017 1507 1052 1562 et'
1062 1501 1100 1560 15

146 1580 290 1642 beneficio
312 1593 435 1660 accepto
452 1592 482 1644 ct
499 1583 600 1642 studio
616 1591 772 1659 pelspeeto
786 1590 816 1641 et
830 1581 1047 1640 consuetudine

146 1661 309 1740 adjuncta3
331 1663 441 1740 quibus
468 1663 556 1722 rebus
586 1663 625 1721 ad
654 1663 741 1720 illum
772 1661 902 1740 primurn
933 1670 1047 1719 motum

146 1742 242 1800 animi
263 1751 293 1800 et
314 1742 424 1801 amoris
446 1743 591 1802 adhibitis
614 1741 805 1802 admirabilis
826 1739 975 1818 quaedam
998 1760 1047 1798 ex-

106 1773 137 1924 l
146 1821 278 1880 ardescit
308 1819 537 1884 benevolentiae
569 1821 756 1900 magnitudo.
812 1820 914 1896 Quam
942 1819 967 1878 si
995 1819 1047 1896 qui

146 1911 257 1980 putant
282 1901 322 1960 ab
344 1901 555 1963 imbecillitate
578 1901 737 1980 proficisci,
753 1875 793 1974 int
814 1901 861 1971 sit,
883 1919 936 1978 per
958 1919 1046 1976 quem
1062 1897 1100 1958 20

146 1990 324 2059 assequatur
338 1982 419 2059 quod
433 1982 559 2060 quisquc
574 1981 732 2052 desideret,
747 1980 894 2039 bumil'cm
915 1999 986 2038 sane
1005 1999 1047 2038 re·

147 2061 291 2139 linquunt
312 2069 342 2120 et
362 2062 487 2122 minime
507 2082 694 2139 generosum,
711 2069 745 2120 ut
762 2061 806 2119 ita
823 2059 932 2131 dicam,
947 2067 1046 2118 ortum

146 2140 308 2214 amicitiae,
329 2161 420 2218 quam
445 2162 484 2201 ex
509 2142 613 2220 inopia
636 2150 727 2219 atque
750 2139 919 2217 indigentia
943 2148 1047 2196 natam

147 2220 264 2281 volunt.
307 2221 398 2297 Quod
411 2221 437 2280 si
452 2222 496 2280 ita
510 2231 593 2293 esset,
609 2230 645 2280 ut
662 2222 788 2298 quisque
806 2219 965 2280 minimum
985 2237 1047 2276 esse

147 2301 180 2360 in
194 2321 224 2362 se
239 2300 447 2373 arbitraretur,
463 2302 507 2361 ita
521 2302 561 2360 ad
576 2301 743 2360 amicitiam
761 2309 836 2358 esset
854 2298 1044 2376 aptissimus;
1061 2297 1099 2356 25

147 2379 229 2458 quod
243 2381 333 2460 longe
347 2377 431 2447 secus
445 2393 496 2442 est.
526 2380 572 2442 Ut
583 2381 663 2439 enim
676 2380 801 2459 quisque
811 2377 867 2436 ribi
880 2377 1046 2455 plurimum

147 2459 275 2522 confidit
287 2470 317 2521 et
331 2469 366 2520 ut
381 2462 507 2540 quisque
520 2461 655 2520 maxime
669 2459 783 2520 virtute
797 2467 827 2516 et
841 2456 989 2534 sapientia
1003 2456 1045 2515 sic

147 2541 283 2600 munitus
296 2551 351 2612 cst,
365 2550 401 2600 ut
414 2541 500 2601 nullo
517 2553 603 2619 egeat
622 2559 736 2617 suaque
757 2538 858 2597 omnia
879 2538 909 2596 in
931 2556 961 2594 se
982 2536 1047 2614 ipso

147 2621 247 2699 posita
255 2621 382 2699 judicet,
398 2621 441 2680 ita
455 2622 487 2681 in
502 2620 645 2680 amicitiis
661 2617 839 2697 expetendis
853 2615 1046 2693 colendisque

147 2701 282 2764 maxime
302 2701 434 2760 excellit,
477 2700 562 2776 Quid
582 2700 681 2759 enimi
723 2697 889 2758 Africanus
910 2695 1047 2773 indigens
1061 2695 1100 2756 30

147 2780 229 2844 mei?
269 2781 399 2840 Minime
418 2781 535 2840 hercle!
558 2800 594 2840 ac
609 2800 647 2838 ne
661 2799 716 2856 ego
732 2777 854 2855 quidem
874 2775 973 2837 illius:
995 2773 1046 2833 sed

146 2881 203 2938 ego
224 2860 425 2920 admiratione
449 2860 582 2939 quadam
603 2858 724 2920 virtutis
747 2859 818 2935 ejuS,
841 2855 894 2915 ille
915 2854 1046 2916 vicissim

147 2940 290 3018 opinione
313 2940 438 3000 fortasse
462 2939 620 3011 nonnulla,
642 2959 733 3016 quam
757 2938 795 2995 de
816 2936 890 2995 meis
913 2933 1045 2995 moribus

147 3019 290 3092 habebat,
300 3020 483 3090 medilexit3
499 3021 587 3078 auxit
599 3017 840 3078 benevolentiam
853 3013 1044 3074 consuetudo.

146 3099 206 3159 Sed
216 3119 401 3178 quamquam
410 3100 558 3158 utilit-ates
568 3099 682 3156 multae
693 3104 723 3156 et
732 3115 861 3173 magnae
871 3103 1047 3154 consecutae
1061 3092 1100 3150 35

146 3191 228 3250 sunt,
243 3199 304 3238 non
317 3189 388 3238 sunt
403 3189 505 3238 tamen
520 3177 559 3236 ab
573 3197 677 3236 carum
699 3196 751 3254 spe
770 3195 878 3235 causae
898 3171 1045 3250 diligendi
1075 3218 1079 3226 ,

146 3259 308 3336 profectae.
348 3257 490 3342 §terrim
506 3257 631 3316 benefici
646 3254 844 3331 liberalesque
858 3273 970 3318 sumus,
985 3272 1045 3310 uon

147 3347 182 3396 ut
192 3339 349 3415 exigamus
363 3335 744 3414 gratiam—nequeenim
760 3332 936 3390 beneficium
948 3332 1046 3388 i'aene-

146 3434 260 3490 ramur,
271 3417 323 3476 sed
334 3426 443 3480 natura
458 3416 597 3497 propensi
610 3414 650 3472 ad
664 3410 879 3474 liberalitatem
893 3427 1047 3480 sumus,-

780 3602 821 3656 ,ἲ
876 3646 884 3654 r.
