2524 3712
165 197 208 260 50
408 213 447 260 n.
477 212 643 259 runnu
672 213 925 260 cronaorrrs

219 368 385 428 amicorum
405 367 482 428 bene
502 368 694 428 suadentium
709 369 812 430 valeat
832 371 1005 442 auctoritas,
1022 390 1118 449 eaque

219 458 249 508 et
269 448 451 507 adhibeatur
472 449 511 507 ad
532 449 713 508 monendum
736 470 794 508 non
819 449 908 510 modo
933 462 1044 528 aperte,
1065 450 1119 510 sed

219 528 311 588 ctiam
325 528 444 599 acriter,
459 529 484 586 si
499 549 545 588 res
559 529 733 605 postulabit,
749 538 779 588 et
795 529 951 589 adhibitae
966 539 1118 608 pareatur.

219 607 300 667 Nam
326 606 517 685 quibusdam,
539 628 613 686 quos
641 608 732 667 audio
759 609 911 686 sapientes
939 609 1058 669 habitos
1086 609 1118 668 in

186 683 360 758 5Graecia,
382 685 532 765 placuisse
551 688 660 765 opinor
680 686 835 746 mirabilia
856 689 1118 765 quaedam—sed

219 767 298 825 nihil
325 775 378 840 est,
403 766 485 844 quod
513 765 562 825 illi
589 786 651 826 non
677 778 898 844 persequantur
926 768 1121 846 argutiis:-

219 847 332 926 partim
346 846 505 922 fugiendas
520 866 581 906 esse
595 847 704 906 nimias
718 847 876 920 amicitias,
891 868 929 906 ne
943 867 1061 907 neeesse
1079 849 1120 908 sit

219 946 315 986 unum
339 925 503 985 sollicitum
525 946 588 985 esse
611 945 665 1004 pro
688 925 844 1004 pluribus;
873 927 946 987 satis
970 947 1120 1006 superque

219 1025 281 1064 esse
294 1006 353 1065 sibi
366 1025 490 1064 suarum
504 1007 614 1083 cuique
628 1026 737 1078 rerum,
748 1006 855 1065 alienis
866 1007 956 1066 nimis
966 1007 1120 1085 implicari

167 1083 206 1142 10
219 1085 379 1145 molestum
393 1105 471 1156 esse3
486 1086 760 1144 commodissimum
775 1106 836 1144 esse
847 1106 939 1164 quam
949 1087 1120 1147 laxissimas

220 1165 354 1225 habenas
379 1164 491 1223 habere
515 1165 677 1237 amicitiae,
700 1185 774 1242 quas
795 1165 845 1226 vel
870 1166 1003 1225 adducas
1025 1187 1120 1246 quum

220 1245 297 1305 volis
310 1244 360 1305 vel
382 1244 535 1316 remittas3
557 1252 650 1322 caput
670 1247 751 1304 enim
772 1266 833 1304 esse
854 1246 893 1304 ad
916 1245 1002 1306 beate
1015 1249 1121 1307 viven-

221 1324 295 1383 dum
308 1323 512 1396 securitatem,
527 1344 588 1401 qua
601 1324 663 1382 frui
676 1345 739 1384 non
753 1325 847 1403 possit
860 1326 989 1397 animoa,
1004 1326 1029 1385 si
1043 1334 1120 1385 tam—

221 1425 312 1482 quam
341 1404 493 1482 parturiat
520 1423 598 1463 unus
626 1425 681 1482 pro
709 1404 856 1482 pluribus.
899 1405 987 1465 Alios
1018 1416 1121 1465 autem

168 1480 207 1540 15
222 1485 322 1544 dicere
335 1483 423 1542 aiunt
436 1483 534 1543 multo
548 1484 641 1543 etiam
656 1484 902 1543 inhumanius-
916 1506 1003 1562 quem
1019 1485 1121 1546 locum

220 1564 355 1625 breviter
393 1562 485 1641 paulo
527 1573 598 1622 ante
635 1565 1001 1643 perstrinxi-praesidii
1035 1566 1121 1644 adju-

222 1646 376 1721 mentique
397 1664 496 1716 causa,
518 1664 580 1703 non
599 1643 829 1704 benevolentiae
853 1665 949 1722 neque
974 1645 1121 1717 caritatis,

221 1725 372 1784 amicitias
394 1744 455 1783 esse
475 1725 677 1802 expetendas;
699 1723 811 1802 itaque,
832 1733 867 1783 ut
888 1726 1013 1802 quisque
1033 1725 1123 1783 mini-

222 1825 306 1864 mum
334 1804 486 1864 firmitatis
517 1803 644 1863 haberet
677 1803 897 1881 minimumque
925 1805 1047 1876 virium,
1076 1804 1122 1864 ita

169 1880 208 1940 20
222 1885 371 1944 amicitias
381 1894 523 1962 appetere
534 1885 684 1954 maxime3
700 1904 739 1942 ex
750 1904 784 1942 eo
795 1883 860 1941 fieri
874 1893 909 1943 ut
924 1883 1122 1944 mulierculae

221 1965 319 2042 magis
339 1964 544 2023 amicitiarum
564 1964 717 2041 praesidia
738 1971 885 2041 quaerant
899 1983 991 2041 quam
1006 1963 1075 2034 viri,
1091 1973 1122 2023 et

222 2044 325 2122 inopes
354 2063 445 2121 quam
474 2043 621 2122 opulenti,
646 2053 677 2102 et
701 2043 869 2102 calamitosi
895 2063 986 2120 quam
1011 2041 1043 2114 ii,
1068 2043 1122 2120 qui

222 2132 370 2203 putantur
391 2123 481 2183 beati.
524 2123 552 2182 Ο
571 2123 759 2201 praeclaram
780 2120 977 2201 sapientiam!
1020 2122 1120 2182 Solem

223 2205 303 2263 enim
326 2224 343 2262 e
362 2203 477 2262 mundo
498 2202 604 2262 tollere
618 2203 761 2263 videntur
775 2205 827 2280 qui
842 2203 1010 2261 amicitiam
1025 2223 1042 2260 e
1055 2203 1122 2263 vita

169 2279 208 2338 25
223 2283 345 2356 tollunt,
367 2303 428 2360 qua
447 2282 534 2341 nihil·
548 2303 567 2341 a
587 2282 634 2341 dis
662 2281 884 2341 immortalibus
905 2282 1011 2341 melius
1032 2282 1122 2341 habc-

222 2383 298 2434 muS,
314 2363 392 2422 nihil
407 2362 581 2441 jucundius
625 2362 713 2437 Quae
729 2371 773 2420 cst
787 2362 868 2420 enim
883 2361 942 2420 ista
955 2363 1122 2422 securitas?

222 2442 328 2521 Specie
353 2443 475 2521 quidem
501 2441 624 2514 blanda,
649 2440 701 2500 sed
726 2461 830 2520 reapse
854 2441 958 2501 multis
980 2441 1053 2500 loeis
1077 2461 1121 2500 re-

222 2523 388 2602 pudianda.
444 2521 551 2599 Neque
578 2523 658 2580 enirn
687 2532 732 2580 est
760 2531 992 2580 consentancum
1024 2521 1120 2580 ullam

223 2603 379 2663 honestam
400 2622 465 2661 rom
486 2602 682 2673 actionemve‚
697 2621 736 2660 ne
755 2601 903 2660 sollicitus
924 2602 972 2674 sis,
987 2610 1041 2660 aut
1058 2621 1121 2660 non

170 2676 210 2738 30
223 2683 373 2761 suscipere
394 2691 449 2741 aut
468 2695 638 2759 susceptam
660 2681 816 2759 deponere.
860 2680 951 2757 Quod
971 2681 997 2740 si
1015 2695 1120 2740 curam

126 2783 136 2827 t
223 2762 364 2840 fugimus,
386 2761 484 2823 virtus
506 2760 651 2839 fugienda
671 2769 724 2833 est,
746 2781 824 2838 quae
847 2781 963 2820 necesse
985 2771 1119 2821 osteum

223 2842 328 2920 aliqua
355 2861 429 2901 cura
456 2862 503 2901 res
530 2841 589 2900 sibi
618 2840 785 2900 contrarias
819 2849 995 2918 aspernetur
1029 2851 1121 2918 atque

223 2921 329 2993 oderit,
350 2931 386 2981 ut
406 2921 526 2982 bouitas
546 2920 706 2992 malitiam,
728 2920 929 2998 temperantia
949 2919 1119 2992 libidinem,

223 3001 378 3080 ignaviam
406 3001 562 3061 fortitudo.
617 3000 726 3080 Itaque
753 2999 857 3059 videas
885 2999 974 3059 rebus
1001 2999 1120 3077 injustis

170 3073 209 3132 35
227 3083 323 3160 justos
347 3081 481 3140 maxime
505 3080 614 3152 dolere,
638 3079 812 3139 imbellibus
836 3079 936 3150 fortes,
961 3079 1119 3156 flagitiosis

224 3160 380 3219 modestos
423 3159 505 3236 Ergo
527 3160 584 3218 hoc
605 3160 763 3236 proprium
784 3167 830 3217 est
849 3159 944 3218 animi
963 3157 1037 3216 benc
1051 3178 1119 3218 con-

223 3239 331 3310 stituti,
353 3248 383 3298 et
410 3238 519 3308 laetari
547 3237 633 3296 bonis
659 3237 749 3296 rebus
774 3245 804 3298 et
829 3236 931 3296 dolere
949 3237 1119 3298 contrariis.

225 3316 441 3393 Quamobrem,
462 3317 487 3375 si
508 3315 591 3375 cadit
612 3317 644 3374 in
664 3317 830 3394 sapientem
847 3316 942 3374 animi
956 3315 1051 3386 dolor,
1066 3319 1120 3394 qui

224 3396 357 3476 profecto
368 3395 460 3468 cadit,
469 3395 527 3454 nisi
536 3415 575 3454 ex
586 3396 648 3472 ejus
660 3397 761 3454 animo
772 3395 970 3472 exstirpatam
980 3394 1120 3456 humaui-
