2524 3712
168 167 209 228 48
412 182 448 228 sr.
480 181 648 228 runnu
679 181 935 228 cressonis

222 337 331 415 Itaque
351 337 410 398 hac
431 338 572 411 amentia,
592 339 767 418 quaestione
786 361 867 400 nova
888 340 1074 418 perterritus,
1089 341 1129 402 in

222 418 329 476 Asiam
353 417 498 497 profugit,
527 419 566 477 ad
591 420 690 479 hostes
717 440 748 479 se
776 420 915 490 contulit,
941 441 1051 498 peenas
1079 421 1129 481 rei

223 496 364 575 publicae
378 518 485 574 graves
495 499 652 577 justasque
668 499 820 576 persolvit.
863 499 960 558 Nulla
971 509 1014 559 est
1029 501 1128 578 igitur

223 577 379 636 excusatio
404 578 530 654 peccati,
555 578 580 636 si
604 579 693 636 amici
717 599 807 638 eausa
829 580 1018 656 peccaveris3
1040 600 1126 651 narn,

191 657 318 734 5quu1n
347 656 541 716 conciliatrix
568 657 721 717 amicitiae
745 659 867 718 virtutis
891 659 994 736 opinio
1021 658 1127 731 fuerit,

225 735 347 815 difficile
368 745 412 796 cst
433 737 600 796 amicitiam
622 757 752 810 manere,
767 738 792 796 si
807 758 825 796 a
840 739 955 798 virtute
969 738 1125 798 defeceris

225 815 316 891 Quod
344 815 369 874 si
397 824 513 875 rectum
541 817 735 876 statuerimus
756 816 806 877 vel
831 817 1001 893 concedere·
1018 818 1127 876 amieis

226 895 376 973 quidquid
395 896 494 955 velint
511 895 561 955 vel
583 896 745 972 impetrare
766 897 805 955 ab
827 897 863 955 iis
885 891 1034 975 quidquid
1050 897 1127 957 veli·
1182 919 1185 924 ·

225 995 301 1047 mus,
315 975 449 1052 perfecta
463 975 586 1052 quidem
599 975 749 1052 sapientia
762 977 786 1036 si
801 978 903 1048 simne,
919 976 998 1034 nihil
1011 976 1128 1036 habeat

173 1057 211 1114 10
226 1075 272 1113 res
286 1055 371 1126 vitii;
393 1054 444 1113 sed
460 1055 612 1132 loquimur
627 1055 664 1114 de
678 1055 715 1114 iis
730 1056 843 1128 amicis,
859 1055 911 1134 qui
932 1066 1003 1115 ante
1022 1055 1128 1117 oculos

225 1143 304 1206 sunt,
319 1153 393 1212 quos
406 1134 539 1195 vidimus
558 1143 612 1193 aut
628 1134 666 1194 de
682 1135 791 1213 quibus
812 1135 988 1194 memoriam
1009 1137 1128 1214 accepi-

226 1234 302 1286 mus,
327 1234 401 1292 quos
424 1215 510 1275 nevit
534 1214 599 1275 vita
625 1215 800 1274 communis.
842 1215 895 1274 Ex
918 1215 976 1274 hee
999 1235 1127 1276 numero

226 1293 312 1352 nobis
347 1293 489 1372 exempla
522 1295 668 1353 sumenda
701 1303 781 1367 sunt,
809 1303 841 1354 et
871 1315 974 1354 eorum
1002 1295 1127 1373 quidem

226 1373 368 1444 maxime,
380 1374 432 1450 qui
445 1373 484 1432 ad
495 1373 675 1452 sapientiam
687 1375 825 1452 proxime
837 1375 992 1434 accedunt.
1030 1374 1126 1434 Vide·

173 1455 212 1513 15
226 1473 293 1512 mus
322 1452 489 1511 Aemilium
519 1451 650 1512 Luscino
679 1455 861 1514 familiarem
889 1454 1078 1514 fuisse-sic
1107 1474 1128 1513 a

226 1532 363 1612 patribus
391 1533 660 1611 accepimus—bis
681 1554 743 1593 una
770 1533 915 1606 eonsules,
940 1535 1071 1612 collegas
1092 1533 1126 1592 in

227 1633 369 1684 censura3
391 1621 455 1671 turn
472 1622 585 1672 etcum
604 1613 641 1671 iis
660 1622 690 1672 et
711 1615 791 1673 inter
811 1634 843 1674 se
864 1614 1126 1692 conjunctissimos

227 1691 317 1752 fuisse
332 1692 384 1751 Μ’.
401 1692 536 1765 Cenum,
548 1691 593 1752 Ti.
609 1692 835 1752 Coruncanium
850 1693 1011 1752 memoriae
1025 1693 1127 1770 prodi-

226 1782 292 1832 tum
303 1781 355 1831 est.
398 1771 498 1850 Igitur
512 1793 550 1831 ne
563 1773 709 1850 suspicari
722 1774 844 1851 quidem
859 1792 1014 1851 possumus
1024 1793 1126 1850 quem-

157 1851 213 1924 2¹20
227 1872 319 1930 quam
340 1852 448 1910 horum
469 1852 509 1912 ab
531 1853 629 1912 amieo
650 1853 808 1931 quidpiam
829 1852 1024 1924 contendisse,
1043 1851 1125 1929 quod

157 1941 160 1962 ¹
227 1941 334 1990 eontra
348 1931 446 2003 fidem,
463 1941 568 1990 centra
577 1933 801 2010 jusjurandum,
816 1941 922 1991 contra
942 1952 1005 1990 rem
1026 1931 1125 2008 publi-

228 2031 295 2070 cam
317 2019 399 2070 esset.
441 2010 523 2071 Nam
547 2011 605 2070 boc
630 2012 751 2089 quidem
773 2012 805 2070 in
825 2011 938 2070 talibus
957 2011 1030 2071 viris
1050 2009 1125 2088 quid

229 2093 340 2150 attinet
374 2091 482 2162 dicere,
510 2090 536 2150 si
566 2092 776 2162 contendisset,
805 2091 1036 2170 impetraturum
1065 2110 1126 2149 non

228 2171 327 2242 fuisse,
341 2191 436 2248 quum
450 2170 499 2228 illi
513 2171 692 2230 sanctissimi
707 2171 765 2232 viri
779 2170 901 2241 fuerint,
917 2190 1010 2248 acque
1024 2179 1125 2228 autem

175 2251 214 2310 25
228 2249 311 2308 nefas
331 2252 371 2308 sit
392 2250 454 2308 tale
474 2250 592 2327 aliquid
613 2259 643 2309 et
665 2251 764 2310 facere
784 2261 922 2328 rogatum
947 2260 978 2308 et
999 2249 1126 2327 regare?

228 2328 273 2388 At
298 2350 369 2389 vere
398 2328 443 2388 Ti.
473 2328 646 2388 Gracchum
675 2329 878 2408 sequebantur
902 2329 935 2388 O.
960 2328 1069 2399 Carbo,
1091 2328 1123 2387 G.

229 2409 313 2482 Cato,
329 2421 358 2468 et
372 2409 498 2468 minime
512 2419 577 2468 turn
592 2409 715 2488 quidem
730 2409 821 2468 Caius
835 2409 1031 2483 l'rater‚11une
1045 2409 1125 2468 idem

228 2509 398 2550 acerrimus.

269 2569 347 2630 ΧΠ.
370 2569 455 2630 Haec
484 2569 578 2648 igitur
605 2569 657 2630 lex
685 2569 717 2630 in
745 2570 880 2629 amicitia
907 2569 1070 2642 sanciatur,
1092 2577 1126 2630 ut

176 2649 214 2708 30
229 2669 325 2726 neque
340 2670 478 2726 rogemus
492 2670 538 2708 res
552 2659 655 2727 turpes
669 2671 724 2708 nee
739 2650 885 2709 faciamus
906 2651 1013 2727 rogati,
1028 2651 1124 2728 turpis

229 2733 309 2786 enim
332 2729 487 2790 exornatio
510 2739 605 2788 estet
627 2729 752 2787 minime
774 2730 953 2806 accipienda
975 2729 1070 2806 quum
1093 2729 1123 2788 in

231 2807 337 2866 ceteris
360 2809 498 2884 peccatis,
513 2816 579 2866 tum
593 2808 618 2868 si
633 2810 700 2885 quis
721 2817 828 2867 contra
848 2829 911 2867 rem
926 2808 1081 2887 publicam
1096 2829 1125 2868 se

230 2887 319 2945 amici
338 2907 428 2946 causa
444 2887 547 2945 fecisse
563 2889 705 2946 t'ateatur.
747 2887 870 2946 Etenim
885 2908 918 2946 eo
934 2890 1009 2958 loco,
1024 2886 1124 2946 Fanni

230 2976 260 3025 et
283 2967 438 3038 Scaevola,
463 2966 555 3024 locati
579 2987 691 3039 sumus
716 2975 752 3028 ut
772 2987 826 3024 nos
847 2967 935 3044 longe
957 2967 1124 3043 prospicere

177 3047 215 3104 35
231 3056 367 3122 operteat
391 3046 509 3104 futuros
533 3066 618 3105 casus
640 3047 684 3105 rei
709 3047 858 3127 publicae.
901 3045 1036 3106 Defiexit
1060 3046 1123 3123 jam

230 3125 456 3201 aliquantulum
490 3125 529 3183 de
561 3126 659 3203 spatio
694 3126 906 3202 curriculoque
941 3125 1122 3183 consuetude

230 3223 387 3280 nraporum.
429 3203 474 3262 Ti.
498 3203 655 3263 Gracchus
678 3225 804 3280 regnum
829 3223 977 3284 occupare
1001 3213 1122 3262 conatus

230 3293 282 3352 est,
309 3281 357 3341 vel
382 3283 521 3359 regnavit
550 3283 574 3340 is
602 3283 722 3359 quidem
746 3302 856 3359 paucos
877 3302 1000 3340 menses.
1041 3280 1123 3340 Num

230 3361 304 3438 quid
318 3361 417 3422 simile
431 3361 561 3438 populus
582 3361 737 3420 Romanus
759 3359 898 3419 audierat
917 3368 972 3419 aut
985 3359 1122 3420 viderat?
