2524 3712
470 208 584 256 raro
614 208 775 255 maroa.
1087 189 1127 255 17

174 363 249 424 tutis
262 371 354 426 vacat
369 373 451 424 aetna
465 373 568 425 nostra
581 363 759 424 muneribus
773 364 819 437 iis,
835 385 911 444 quae
929 385 991 426 non
1008 385 1073 445 pos·

173 453 245 504 sunt
264 445 328 504 sine
343 445 458 504 viribus
478 445 629 505 sustineri.
671 444 779 522 Itaque
801 466 860 504 non
883 446 970 505 modo
991 445 1072 523 quod

174 543 235 582 non
260 545 425 602 possumne,
450 525 502 584 sed
530 545 568 584 ne
592 534 743 603 'quantum
769 545 925 602 possumus
950 526 1072 604 quidem

174 603 319 680 cogimur.
361 605 405 662 At
420 604 509 663 multi
523 605 568 664 ita
589 616 661 664 sunt
682 604 829 664 imbecilli
848 625 941 677 senes,
958 614 991 664 ut
1005 597 1129 664 nul-⁶*

174 681 240 741 lum
253 684 344 743 officii
362 692 416 743 aut
432 685 556 744 omnino
569 685 653 745 vitae
674 705 783 742 munus
804 685 927 763 exsequi
947 685 1071 763 possint.
1106 685 1126 744 5

82 834 85 837 y
173 761 219 822 At
243 763 274 821 id
295 763 417 841 quidem
444 783 504 823 non
532 763 689 842 proprium
712 765 873 824 senectutis
888 764 997 824 vitium
1017 773 1071 837 est,

172 841 225 900 sed
241 863 399 902 commune
412 843 606 904 valetudinis.
649 843 752 920 Quam
771 843 831 904 fuit
849 842 1019 903 imbecillus
1036 843 1071 904 P.

173 921 317 981 Africani
333 921 424 995 filius,
439 923 532 1000 isqui
551 931 582 984 te
602 920 777 1001 adoptavitl
800 943 891 1001 quam
913 923 998 983 tenui
1017 932 1072 983 aut

173 1000 261 1060 nulla
271 1003 372 1080 potius
383 1003 575 1063 valetudine!
605 1003 695 1078 Quod
710 1003 742 1062 ni
756 1003 801 1063 ita
815 1003 928 1076 fnisset,
940 1003 1071 1062 alterum

151 1085 153 1088 ’
173 1080 253 1140 illud
274 1082 437 1142 exstitisset
457 1084 561 1142 lumen
582 1082 732 1155 civitatis;
753 1083 793 1143 ad
812 1093 970 1164 paternam
990 1084 1070 1160 enim
1087 1083 1127 1144 10

173 1160 417 1238 magnitudinem
447 1163 542 1222 animi
574 1163 716 1223 doctrina
745 1163 867 1223 uberior
896 1173 1071 1224 accesserat.

173 1240 260 1315 Quid
283 1241 394 1300 mirum
415 1242 510 1322 igitur
531 1243 565 1302 in
586 1243 716 1315 senibus,
738 1244 763 1302 si
787 1243 900 1303 infirmi
924 1253 996 1304 sunt
1017 1243 1072 1302 ali·

172 1320 306 1398 quando,
329 1342 422 1400 quum
448 1322 478 1381 id
505 1343 543 1383 ne
566 1323 769 1386 adolescentes
793 1324 915 1402 quidem
941 1325 1072 1402 effugere

172 1400 309 1478 possint?
350 1401 572 1476 Resistendum,
587 1403 674 1463 Laeli
688 1413 719 1463 et
732 1403 844 1482 Scipio,
858 1404 1005 1469 senectuti
1017 1412 1070 1476 est,

172 1481 296 1559 e'usqne
309 1480 388 1559 vitia
402 1481 562 1561 diligentia
582 1483 807 1562 compensanda
826 1493 914 1556 sunt;
935 1476 1125 1562 pagum-Tb

172 1502 246 1619 dum
258 1570 415 1640 tamquam
427 1571 533 1622 contra
545 1563 683 1622 morbum
698 1563 741 1622 sic
753 1571 860 1623 contra
869 1573 1052 1623 senectutem
1058 1584 1119 1646 μ

172 1639 315 1702 habenda
330 1643 407 1702 ratio
422 1642 626 1714 valetudinis;
641 1642 788 1702 utendum
803 1641 1072 1702 exercitationibus

172 1721 315 1791 modicis;
343 1730 464 1781 tantum
491 1722 552 1782 cibi
580 1731 611 1782 et
638 1723 768 1801 potionis
795 1722 1012 1793 adhibendum,
1037 1731 1072 1782 ut

172 1799 348 1860 reficiantur
359 1802 447 1870 vires,
460 1822 520 1860 non
532 1801 753 1880 opprimantur.
795 1801 861 1862 Nec
872 1823 943 1862 vero
953 1802 1072 1880 corpori

170 1879 268 1938 solum
282 1881 520 1940 subveniendum
531 1893 583 1953 est,
594 1882 644 1942 sed
658 1882 752 1942 menti
763 1891 854 1959 atque
864 1883 965 1942 animo
974 1881 1072 1942 multo
1087 1879 1127 1942 20

172 1959 270 2036 magis
282 1981 289 2033 ;
304 1981 374 2018 nam
388 1960 462 2020 haec
474 1961 839 2040 quoque,nisitamqua1n
851 1961 961 2020 lumini
971 1961 1072 2021 oleum

171 2036 309 2112 instilles,
321 2041 559 2118 exstinguuntur
569 2049 730 2100 senectute.
760 2041 802 2100 Et
813 2061 939 2119 corpora
950 2041 1072 2119 quidem

171 2119 426 2179 exercitationum
461 2121 679 2198 defatigatione
714 2119 940 2198 ingravescunt,
975 2121 1071 2180 animi

171 2208 275 2272 autem
302 2200 498 2260 exercitando
526 2199 676 2261 levantur.
719 2200 801 2260 Nam
826 2220 900 2279 quos
926 2201 972 2260 ait
999 2200 1073 2260 an-

172 2277 261 2338 cilius
1056 2285 1059 2290 '
1087 2278 1126 2338 25

387 2377 574 2427 „comicos
593 2377 687 2427 stultos
707 2394 787 2439 saroa,
987 2377 989 2380 ’

171 2507 229 2570 hoc
250 2509 402 2589 significat
426 2511 573 2584 credulos,
595 2511 766 2585 obliviosos,
788 2511 966 2585 dissolutos;
994 2532 1073 2592 quae

65 2595 76 2610 '
171 2590 250 2651 vitia
263 2602 335 2651 sunt
349 2612 410 2651 non
424 2593 594 2663 senectutis,
608 2592 661 2652 sed
680 2592 794 2665 inertis,
810 2593 948 2670 ignavae,
962 2593 1072 2652 somni-

172 2669 293 2729 culosae
313 2672 484 2731 senectutis.
526 2671 572 2732 Ut
596 2673 778 2750 petulantia,
799 2683 835 2731 ut
856 2671 952 2731 libido
975 2673 1071 2750 magis
1152 2676 1179 2756 t

172 2758 216 2808 est
236 2749 473 2811 adolescentium
495 2771 587 2829 quam
607 2772 722 2823 senum,
737 2771 792 2811 nec
813 2760 916 2811 tamen
934 2752 1068 2811 omnium
1086 2750 1126 2811 30

171 2828 418 2903 adolescentium,
445 2831 497 2890 sed
526 2851 584 2890 non
614 2830 788 2910 proborum,
812 2832 856 2890 sic
884 2831 942 2891 ista
969 2831 1071 2890 senilis

170 2907 312 2982 stultitia,
324 2930 401 2988 quae
414 2910 558 2970 deliratio
572 2911 722 2988 appellari
737 2911 822 2983 solet,
834 2931 939 2970 senum
955 2910 1071 2970 levium

171 2997 225 3060 est,
240 3008 301 3048 non
316 2991 460 3050 omnium.
504 2992 658 3066 Quattuor
678 2990 815 3050 robustos
833 2991 921 3064 filios,
936 2992 1071 3068 quinque

171 3067 260 3142 filias,
274 3077 391 3129 tantam
407 3070 542 3142 domum,
557 3079 658 3130 tantas
673 3070 830 3130 clientelas
852 3071 972 3149 Appius
989 3091 1070 3148 rege·
1108 3101 1111 3106 ’

172 3146 226 3208 bat
240 3157 270 3208 et
283 3169 391 3208 caecus
405 3158 436 3208 et
449 3169 559 3222 senex;
582 3151 731 3209 intentum
747 3150 827 3210 enim
843 3151 979 3211 animum
994 3159 1069 3210 tam-
1084 3148 1123 3208 35

171 3247 263 3306 quam
284 3249 389 3288 arcum
411 3228 553 3301 habebat,
568 3247 624 3290 neo
644 3228 839 3308 languescens
853 3229 1069 3290 succumbebat

171 3309 328 3367 senectuti.
356 3307 493 3368 Tenebat
503 3329 562 3369 non
576 3309 895 3381 modoauctoritatem‚
910 3310 959 3368 sed
975 3310 1068 3367 etiam

171 3385 377 3464 imperiumin
388 3407 473 3460 suos;
489 3387 664 3449 metuebant
674 3389 763 3461 servi,
775 3387 959 3448 verebantur
969 3386 1067 3458 liberi,

271 3480 386 3530 2-010.
401 3481 433 3528 de
446 3481 473 3530 S.
642 3474 646 3482 ’
