2524 3712
151 182 195 246 60
398 197 436 244 n.
465 197 631 244 runnu
660 195 913 244 1111111111

205 352 297 424 dicta,
317 352 518 412 contumeliae
539 353 723 431 gignuntur:
745 372 823 430 quae
843 362 945 413 tamen
966 351 991 413 11
1012 350 1102 412 teler-

206 432 300 492 abiles
314 441 412 502 erunt,
427 432 568 492 ferendae
590 443 662 492 sunt
682 441 712 493 et
732 433 781 492 hic
803 432 897 492 honos
912 433 1007 493 veteri
1027 433 1103 491 ami-

207 512 296 572 citiae
310 510 499 582 tribuendus,
515 520 548 570 ut
569 513 594 569 is
615 512 646 570 in
669 512 761 590 culpa
780 512 828 584 111,
848 513 900 590 qui
921 512 1023 584 faciat,
1039 531 1103 570 non

207 593 242 664 is,
256 591 309 669 qui
330 591 466 670 patiatur
487 591 639 669 injuriam.
682 591 815 652 Omnino
835 591 970 651 omnium
992 591 1104 650 horum

175 672 193 730 5
209 672 352 731 vitiorum
373 679 464 748 atque
486 670 744 730 incommodorum
761 691 821 730 uua
838 672 940 730 cautio
953 680 997 730 est
1011 680 1105 748 atque

209 771 269 810 una
290 750 431 829 provisio,
446 759 481 809 ut
494 771 532 809 ne
545 750 636 809 nimis
650 750 711 810 cito
725 750 851 828 diligere
865 750 1014 830 incipiant
1027 769 1106 809 neve

208 851 269 890 non
290 831 405 908 dignos,
447 829 542 908 Digni
563 841 665 888 autem
686 838 757 890 sunt
777 830 921 901 amicitia,
941 830 1051 907 quibus
1072 830 1106 886 in

209 911 281 988 ipsis
302 911 380 969 inest
401 930 491 969 causa
512 930 566 969 cur
587 909 765 987 diligantur.
807 909 923 968 Rarum
942 911 1052 988 genus!
1075 923 1107 967 11

210 990 330 1068 quidem
341 990 442 1049 omniu
452 989 609 1067 praeclara
620 1010 697 1059 rara,
709 1010 763 1048 nec
775 989 940 1066 quidquam
952 987 1106 1047 difficilius

157 1068 196 1129 10
210 1090 301 1148 quam
323 1070 453 1147 reperire
473 1069 554 1148 quod
573 1069 612 1128 sit
631 1069 714 1128 omni
729 1089 768 1128 ex
782 1069 914 1147 partein
929 1088 983 1128 suc
997 1087 1108 1146 genere

210 1150 385 1228 perfectum.
427 1147 485 1208 Sed
513 1149 650 1228 plerique
677 1168 774 1226 ncquc
797 1149 829 1206 in
851 1147 940 1207 rebus
964 1147 1108 1207 humanis

210 1229 377 1307 quidquam
392 1227 503 1288 bonum
519 1240 630 1289 norunt
644 1229 702 1288 nisi
717 1229 797 1306 quod
812 1228 999 1287 fructuosum
1014 1227 1062 1301 sit,
1077 1235 1108 1286 et

210 1309 322 1368 amicos
337 1322 492 1386 tamquam
507 1309 634 1387 pecudes
649 1329 697 1368 eos
712 1308 901 1386 potissimum
917 1307 1058 1384 diligunt,
1068 1325 1108 1366 ex

174 1435 195 1445 ..
210 1387 320 1465 quibus
340 1400 462 1466 sperant
482 1409 513 1448 se
533 1389 701 1447 maximum
723 1388 857 1448 fructum
877 1408 939 1447 csse
956 1398 1107 1464 capturos.

159 1467 197 1529 15
211 1468 261 1526 lta
275 1467 480 1546 pulcherrima
494 1468 550 1528 illa
564 1477 594 1527 et
608 1468 741 1527 maxime
755 1468 890 1527 naturali
910 1476 1013 1527 carent
1032 1467 1108 1524 ami·

211 1548 284 1608 citia
306 1567 359 1626 per
380 1567 411 1607 sc
433 1557 463 1608 et
485 1558 608 1626 prepter
629 1569 660 1608 se
682 1548 827 1627 expetita,
842 1569 898 1608 nec
912 1548 970 1626 ipsi
983 1547 1040 1606 sibi
1056 1568 1108 1606 ex·-

211 1626 311 1705 emplo
332 1636 411 1699 sunt,
429 1627 504 1687 haec
527 1629 572 1688 vis
594 1628 746 1688 amicitiae
768 1637 798 1687 et
820 1627 969 1707 qualiset
992 1637 1109 1706 quanta

211 1707 267 1778 sit;
289 1707 351 1786 ipse
365 1709 445 1766 enim
459 1728 490 1766 se
504 1708 630 1799 quisque
644 1707 755 1785 diligit,
770 1728 830 1767 non
846 1718 880 1768 ut
894 1709 1029 1787 aliquam
1045 1729 1063 1768 a
1077 1729 1109 1768 se

212 1787 274 1864 ipse
294 1787 459 1846 mercedem
477 1797 581 1864 exigat
597 1787 731 1847 caritatis
752 1808 833 1860 suae,
847 1789 898 1848 sed
914 1789 994 1874 qnod
1009 1809 1063 1866 per
1076 1809 1109 1848 11

160 1867 198 1928 20
213 1867 338 1944 quisque
350 1865 409 1924 sibi
424 1886 511 1926 carus
526 1876 577 1926 est.
621 1867 784 1943 Quodnisi
799 1869 879 1927 idem
895 1869 927 1927 in
942 1868 1110 1927 amicitiam

212 1945 416 2016 transferetur,
430 1966 520 2007 verus
540 1947 654 2006 amicus
675 1967 840 2026 numquam
862 1949 1044 2026 reperietur3
1065 1956 1111 2007 est

212 2025 293 2084 enirn
312 2025 405 2102 isqui
429 2034 473 2085 est
496 2033 650 2104 tamquam
674 2027 751 2086 alter
774 2028 862 2088 idem.
906 2027 996 2104 Quod
1012 2028 1037 2086 si
1051 2027 1110 2086 hoc

212 2112 338 2182 apparet
366 2103 397 2161 in
425 2104 536 2176 bestiis,
562 2106 736 2167 volucribus
765 2107 909 2167 nantibus
933 2106 1109 2186 agrestibus,

213 2181 363 2242 cicuribus
390 2182 469 2256 feris,
495 2185 636 2262 primum,
661 2195 694 2245 ut
718 2207 748 2246 se
774 2187 855 2266 ipsae
880 2185 1109 2265 diligant—id

161 2265 198 2324 25
213 2263 291 2320 enim
307 2263 421 2340 pariter
435 2284 504 2322 cum
518 2265 599 2324 omni
615 2266 769 2326 animante
790 2267 933 2340 nascitur,
943 2264 1110 2336 -deinde,

213 2352 247 2401 ut
269 2343 425 2418 requirant
452 2353 545 2421 atque
572 2354 726 2422 appetant,
742 2346 781 2404 ad
801 2367 876 2424 quas
899 2366 930 2406 11
954 2346 1110 2424 applicent

213 2421 345 2500 ejusdem
369 2423 486 2498 generis
509 2423 688 2496 animantes,
714 2425 804 2504 idque
826 2426 946 2486 faciunt
968 2445 1037 2484 eum
1061 2424 1110 2484 de-

190 2549 202 2566 „
213 2501 322 2568 siderio
336 2510 366 2560 et
380 2522 447 2561 curn
463 2503 596 2580 quadarn
617 2505 818 2564 similitudine
839 2505 951 2565 amoris
973 2505 1109 2576 humani,

213 2591 327 2658 quanto
342 2580 373 2639 id
388 2583 484 2660 magis
499 2584 531 2642 iu
547 2584 668 2643 homine
682 2584 717 2644 fit
731 2594 850 2656 natura,
866 2585 918 2662 qui
942 2595 972 2643 et
993 2603 1024 2642 se
1046 2584 1110 2661 ipse

161 2661 199 2722 30
214 2661 315 2739 diligit
329 2669 359 2720 11
372 2661 501 2721 alterurn
517 2665 652 2742 anquirit
666 2665 751 2743 cujus
765 2665 900 2723 animum
915 2665 959 2723 ita
973 2683 1041 2722 cum
1055 2683 1110 2723 suo

214 2742 347 2813 misceat,
361 2752 395 2800 ut
409 2741 519 2802 efficiat
534 2763 628 2821 paene
643 2763 738 2805 unum
752 2764 789 2802 ex
805 2742 942 2816 duobus?

254 2820 366 2880 XXII.
395 2821 453 2881 Sed
482 2823 619 2900 plerique
645 2843 792 2901 perverse,
820 2843 858 2882 ne
885 2823 985 2882 dicam
1013 2821 1109 2899 impu-

213 2898 327 2972 denter,
343 2900 454 2962 habere
469 2902 562 2962 talem
577 2902 709 2962 amicum
723 2902 841 2974 volunt,
856 2902 960 2980 quales
975 2901 1033 2980 ipsi
1048 2921 1109 2960 esse

214 2999 273 3038 non
289 2990 422 3058 possunt,
437 3002 574 3060 quaeque
590 2982 648 3060 ipsi
665 3003 726 3041 ncn
743 2981 883 3042 tribuunt
905 2981 1020 3054 amicis,
1034 2982 1109 3039 haee

161 3059 200 3120 35
215 3059 254 3118 ab
268 3059 303 3118 iis
318 3059 498 3120 desiderant.
540 3061 601 3120 Par
615 3071 659 3120 est
673 3071 775 3122 autem
788 3062 919 3138 primum
934 3061 1033 3138 ipsum
1048 3079 1109 3120 esse

214 3139 315 3197 virum
330 3140 451 3210 bonurn,
463 3150 528 3198 tum
544 3141 672 3199 alterum
688 3141 816 3199 similem
830 3140 876 3198 sui
891 3159 1042 3217 quaerere.
1070 3139 1108 3198 In

214 3216 327 3276 talibus
354 3237 398 3289 ea,
428 3237 519 3294 quarn
544 3217 726 3295 jamdudum
755 3226 928 3288 tractamus,
956 3217 1108 3278 stabilitas

214 3296 366 3354 amicitiae
394 3297 567 3354 confirmari
594 3304 701 3372 potest,
730 3315 824 3372 quum
858 3295 994 3354 homines
1022 3297 1109 3356 benc·

112 3387 119 3397 ’
214 3373 348 3435 volentia
369 3375 523 3452 conjuncti
546 3376 678 3453 primum
701 3373 919 3451 cupiditatibus
938 3375 984 3446 iis,
998 3375 1109 3454 quibus
