2524 3712
134 193 175 256 28
374 209 411 256 n.
442 208 610 255 runnu
641 207 897 254 cronnours

186 389 309 448 corpore
324 367 428 429 odiosa
442 368 540 428 omnis
554 365 677 427 offensio
687 375 740 427 est.
770 366 859 442 Quae
869 376 973 427 tamen
985 366 1089 429 omnia

186 449 324 508 dulciora
349 448 428 508 fiunt
451 456 481 506 et
506 446 641 518 moribus
663 446 750 506 bonis
777 456 807 506 et
832 446 967 519 artibus;
997 448 1090 526 idque

186 549 279 606 quum
305 528 337 587 in
361 527 426 587 vita
450 535 516 586 tum
544 526 576 586 in
604 547 694 586 scena
719 525 851 606 intelligi
873 536 972 605 potest
991 547 1029 586 ex
1051 527 1089 588 iis
1141 585 1143 590 ,

186 607 341 679 fratribus,
365 607 417 685 qui
440 607 472 666 in
493 606 644 684 Adelphis
668 614 747 665 sunt.
791 606 917 681 Quanta
938 606 970 664 in
991 607 1089 668 altero

152 687 170 747 5
185 688 301 760 duitas,
318 687 350 747 in
366 688 463 748 altero
478 686 621 747 comitasl
657 685 708 746 sic
721 706 752 745 se
767 706 812 744 res
827 685 920 745 habet
929 707 936 758 ;
958 695 993 746 ut
1006 687 1088 747 enim

184 789 244 827 non
270 788 359 828 omne
385 767 501 840 vinum,
528 767 570 826 sie
594 785 656 826 non
681 765 780 826 omnis
801 775 914 824 natura
935 775 1089 828 vetustate

184 848 338 908 coacescit.
383 847 585 908 Severitatem
600 846 633 905 in
647 854 801 906 senectute
817 844 921 925 probo,
936 845 989 906 sed
1009 867 1087 920 eam,

183 929 261 988 sicut
300 928 371 1002 alia,
412 927 580 998 modicam;
626 925 824 986 acerbitatem
861 925 949 985 nullo
986 926 1085 986 modo.

184 1008 326 1068 Avaritia
348 1028 420 1068 vero
446 1007 549 1067 senilis
570 1007 645 1085 quid
669 1006 728 1065 sibi
749 1004 834 1078 velit,
852 1025 914 1064 non
936 1005 1084 1082 intelligo.

131 1085 169 1146 lb
183 1090 287 1148 Potest
300 1089 381 1148 enim
398 1087 567 1167 quidquam
582 1107 644 1146 esse
657 1085 818 1146 absurdius
833 1103 935 1164 quam,
947 1105 1007 1164 quo
1018 1087 1087 1146 vias
1112 1103 1114 1108 ·

181 1169 282 1228 miuus
297 1177 397 1242 restet,
414 1188 448 1228 eo
465 1167 533 1245 plus
548 1166 654 1228 viatici
669 1165 836 1244 quaerere?

221 1248 315 1310 XIX.
340 1249 461 1324 Quarta
484 1255 578 1306 restat
600 1266 699 1318 causa,
721 1265 799 1323 quae
819 1244 954 1305 maxime
974 1266 1087 1325 angere
1126 1303 1133 1310 .

181 1338 273 1408 atquo
296 1328 460 1389 sollicitam
491 1326 603 1386 habere
632 1335 767 1386 nostram
795 1334 926 1386 aetatem
950 1325 1086 1399 videtur,

181 1408 436 1488 appropinquatio
461 1407 575 1479 mortis,
599 1407 677 1485 quae
701 1414 782 1465 certe
803 1426 823 1466 a
844 1414 998 1465 senectute
1022 1426 1085 1466 non

128 1487 167 1548 15
181 1497 278 1566 potest
298 1508 360 1548 esse
386 1487 485 1566 longe.
529 1486 557 1546 Ο
579 1488 722 1546 miserum
746 1505 857 1557 senem,
879 1485 931 1564 qui
956 1494 1085 1546 mortem

181 1567 433 1628 contemnendam
450 1587 512 1627 esse
528 1567 559 1626 in
575 1566 747 1645 tam'longa
765 1575 863 1625 aetate
878 1585 938 1625 non
953 1565 1082 1625 videritl

180 1669 257 1726 quae
278 1656 332 1707 aut
355 1648 446 1726 plane
468 1646 652 1726 negligenda
670 1656 723 1720 est,
738 1646 763 1706 si
777 1646 900 1706 omnino
915 1645 1084 1724 exstinguit

181 1728 325 1800 animum,
344 1737 398 1788 aut
420 1728 511 1788 etiam
530 1727 673 1806 optanda,
688 1726 714 1786 si
734 1726 839 1804 aliquo
859 1746 927 1784 eum
949 1725 1082 1798 deducit,

74 1821 146 1836 “⁸
181 1807 231 1866 ubi
246 1807 286 1866 sit
301 1807 423 1867 futurus
445 1815 594 1866 aeternus.
638 1806 737 1884 Atqui
758 1806 880 1865 tertium
904 1815 983 1865 certe
1003 1805 1083 1866 nihil

128 1886 167 1946 20
182 1887 312 1946 inveniri
340 1897 446 1965 potest.
493 1887 577 1963 Quid
605 1885 700 1964 igitur
729 1887 861 1957 timeam,
886 1885 911 1944 si
940 1894 994 1945 aut
1020 1906 1083 1946 non
1139 1901 1154 1922 ’·
1231 1934 1238 1950 x

180 1967 269 2026 miser
291 1977 357 2044 post
379 1977 506 2027 mortem
533 1975 587 2026 aut
610 1967 715 2025 beatus
736 1966 828 2025 etiam
849 1965 969 2024 futurus
993 1967 1082 2026 sum?

181 2047 377 2124 Quamquam
401 2047 469 2125 quis
493 2056 537 2106 est
561 2057 623 2106 tam
649 2044 770 2117 stultus,
791 2045 930 2123 quamvis
950 2045 989 2104 sit
1010 2046 1082 2105 ado-

180 2127 300 2198 lescens,
317 2128 366 2186 cui
387 2128 427 2186 sit
450 2126 643 2204 exploratum
665 2145 696 2184 se
717 2124 757 2184 ad
771 2144 928 2202 vesperum
945 2127 1010 2184 esse
1020 2125 1083 2184 vie·

181 2211 304 2267 turum?
346 2207 431 2282 Quin
454 2207 546 2266 etiam
569 2215 651 2265 aetas
673 2204 730 2264 illa
750 2203 847 2262 multo
869 2203 969 2280 plures
990 2225 1082 2281 quam

127 2285 166 2344 25
181 2297 282 2346 nostra
293 2307 378 2346 (rasus
390 2287 494 2346 mortis
510 2285 618 2346 habet:
636 2284 759 2344 facilius
769 2284 800 2341 in
813 2281 932 2342 morbos
943 2283 1083 2344 incidunt

180 2365 391 2438 adolescentes,
421 2367 545 2444 gravius
583 2373 751 2443 aegrotant,
782 2363 896 2422 tristius
924 2373 1079 2422 curantur.

180 2446 289 2529 Itaque
312 2446 402 2524 pauci
430 2447 558 2506 veniunt
585 2446 623 2504 ad
649 2453 849 2514 senectutem;
875 2443 955 2520 quod
980 2443 1012 2501 ni
1038 2443 1082 2502 ita

179 2527 338 2598 accideret,
355 2525 462 2586 melius
476 2535 506 2586 et
524 2526 704 2604 prudentius
718 2524 887 2585 viveretur:
903 2544 985 2581 mons
1000 2523 1081 2582 enim

179 2615 210 2666 ct
224 2608 301 2666 ratio
316 2615 346 2666 et
361 2606 521 2666 eonsilium
537 2605 569 2663 in
586 2604 707 2664 senibus
727 2613 771 2664 est
780 2625 787 2676 ;
810 2602 862 2682 qui
877 2603 901 2662 si
916 2603 994 2661 nulli
1010 2603 1081 2662 fuis-

127 2683 165 2744 30
179 2698 253 2758 sent,
269 2686 371 2746 nullae
387 2686 510 2744 omnino
528 2685 667 2745 civitates
682 2685 816 2744 fuissent.
859 2682 917 2743 Sed
933 2682 1021 2742 redeo
1041 2681 1081 2742 ad

181 2776 305 2826 mortem
321 2764 556 2844 impendentem.
602 2765 692 2840 Quod
707 2775 750 2825 est
765 2763 845 2824 istud
859 2764 970 2822 crimen
982 2783 1081 2822 senec·

181 2846 261 2917 tutis,
277 2866 370 2924 quum
386 2845 418 2904 id
435 2846 461 2905 ei
478 2845 608 2906 videatis
625 2865 693 2904 eum
709 2843 912 2904 adolescentia
926 2863 988 2901 esse
1002 2861 1080 2901 com·

179 2927 290 2984 mune?
332 2925 417 2985 Sensi
441 2947 496 3004 ego
519 2927 551 2985 in
572 2925 685 3003 optimo
706 2924 828 2993 filio,tu
848 2923 1081 2999 inexspectatis

179 3005 218 3063 ad
233 3005 449 3084 amplissimam
469 3005 649 3084 dignitatem
664 3002 818 3074 fratribus,
830 3001 939 3079 Scipio,
951 3011 1079 3060 mortem

125 3080 165 3142 35
179 3086 261 3144 omni
282 3085 375 3145 aetati
399 3105 461 3145 esse
482 3104 681 3166 communem.
721 3083 768 3142 At
785 3089 886 3161 sperat
906 3079 1080 3140 adolescens

178 3165 231 3224 diu
247 3187 278 3226 se
290 3167 454 3236 victurum,
466 3164 547 3242 quod
561 3183 681 3242 sperare
695 3162 775 3222 idem
789 3181 881 3222 senex
896 3180 957 3220 non
972 3171 1078 3241 potest.

179 3243 361 3324 Insipieuter
377 3255 495 3322 speram
517 3244 590 3321 quid
610 3244 690 3303 enim
711 3242 832 3303 stultius
852 3261 942 3320 quam
962 3240 1080 3302 incerta

161 3320 164 3326 ’
178 3345 233 3402 pro
249 3326 337 3385 certis
353 3324 472 3395 habere,
485 3323 562 3383 falsa
576 3343 632 3401 pro
642 3322 741 3382 veris?
783 3324 827 3381 At
841 3342 933 3381 senex
948 3321 1078 3397 nequod

179 3414 277 3483 speret
292 3404 415 3483 quidem
430 3403 530 3464 habet.
572 3402 619 3462 At
638 3410 683 3462 est
703 3421 737 3461 eo
753 3401 883 3461 'meliore
904 3399 1079 3460 conditione
