2524 3712
475 174 592 223 enno
621 175 788 224 nasos.
1091 161 1112 226 9

156 327 362 391 exsultantem
386 330 536 410 patientia
560 351 615 391 sua
637 329 812 406 molliebat3
836 329 875 392 de
895 351 955 412 quo
975 351 1059 413 prae·

157 409 239 469 clare
253 409 412 471 familiaris
426 420 526 471 noster
542 411 679 471 Ennius:

269 537 342 586 Unus
355 538 432 586 homo
445 539 520 586 nobis
533 539 680 588 cunctando
694 541 813 589 restituit
824 554 898 602 rem3

268 605 386 652 Noenum
399 620 518 652 rumores
531 607 646 666 ponebat
658 612 719 654 ante
732 608 857 656 salutem:

267 671 338 734 Ergo
351 679 459 734 postque
472 673 607 734 magisque
620 673 672 720 viri
684 688 754 721 nunc
767 674 853 736 gloria
864 674 956 727 claret.
1093 662 1113 722 ὅ

156 803 322 865 Tarentum
337 826 409 866 vero
430 826 491 884 qua
509 806 680 885 vigilantia,
704 828 763 886 quo
785 808 910 869 consilio
931 809 1059 888 recepit!

157 904 252 962 quum
281 886 403 964 quidem
432 906 480 945 me
508 887 650 946 audiente
680 886 856 960 Salinatori,
876 889 929 966 qui
950 891 1058 950 amisso

157 965 269 1043 oppido
290 967 412 1043 fugerat
426 966 457 1024 in
473 986 582 1038 arcem,
599 966 744 1044 glorianti
766 968 915 1046 atqueita
935 969 1059 1042 dicenti,

156 1043 228 1104 Meo
241 1065 340 1122 opera,
357 1045 390 1122 Q.
407 1045 493 1117 Fabi,
511 1045 669 1105 Tarentum
683 1048 827 1125 recepisti,
854 1047 944 1116 Certe,
959 1048 1059 1126 inquit

156 1123 268 1196 uidene,
288 1145 367 1196 nam,
389 1125 450 1184 nisi
471 1131 503 1184 ta
524 1126 675 1197 amantea,
697 1148 858 1206 canmqncm
883 1129 1057 1206 recepissem.
1073 1127 1113 1190 10

156 1201 223 1263 Nec
243 1224 315 1265 vero
336 1205 368 1262 in
389 1205 481 1264 armis
504 1205 706 1285 praestantior
726 1227 818 1285 quam
839 1208 870 1266 in
891 1216 980 1286 toga3
1005 1208 1058 1286 qui

156 1282 262 1350 consul
290 1284 410 1356 iterum,
434 1284 485 1364 Sp.
513 1284 649 1346 Carvilio
678 1286 796 1365 collega
822 1288 1002 1365 quiescente,
1023 1287 1057 1348 O.

156 1359 313 1424 Flaminio
327 1365 449 1424 tribuno
463 1365 569 1444 plebis
586 1366 686 1444 quoad
701 1367 808 1444 potuit,
824 1365 934 1427 res'titit
947 1387 1058 1446 agrum

156 1441 313 1504 Picentem
328 1455 358 1504 et
372 1443 527 1504 Gallicum
543 1447 660 1506 viritim
676 1457 781 1506 contra
795 1455 915 1506 senatus
929 1449 1058 1507 auctori-

156 1531 252 1583 tatem
267 1524 433 1596 dividenti;
457 1521 614 1604 augurque
634 1546 728 1604 quum
749 1536 833 1597 esset,
848 1526 947 1586 dicere
968 1547 1057 1588 ausus
1073 1527 1111 1588 15

156 1613 202 1665 est
223 1604 344 1682 optimis
365 1605 506 1683 auspiciis
529 1625 565 1664 ea
584 1607 659 1683 geri,
680 1625 757 1683 quae
777 1627 832 1684 pro
853 1607 897 1665 rei
917 1607 1057 1684 publicae

156 1685 256 1746 salute
270 1694 461 1763 gererent-um
486 1705 563 1763 quae
578 1696 685 1745 contra
699 1706 761 1744 rem
776 1685 931 1764 publicam
947 1686 1056 1746 ferron·

158 1773 218 1837 tur,
228 1773 334 1824 contra
345 1764 480 1843 auspicia
492 1765 573 1825 ferri.
616 1765 720 1825 Multa
730 1766 763 1824 iu
774 1786 809 1825 eo
820 1765 886 1825 viro
898 1766 1055 1844 praeclara

157 1845 296 1923 cognovi,
310 1845 362 1904 sed
387 1844 466 1903 nihil
491 1843 703 1904 admirabilius
713 1866 808 1923 ,quam
826 1866 885 1923 quo
902 1846 991 1905 modo
1005 1846 1058 1906 ille

157 1935 285 1985 mortem
316 1925 372 1984 filii
396 1923 476 1995 tulit,
500 1924 577 1984 clari
598 1925 656 1985 viri
677 1934 708 1984 et
728 1925 902 1984 consularis.
944 1925 1000 1986 Est
1024 1926 1056 1985 in
1073 1925 1112 1987 20

157 2004 298 2064 manibus
309 2004 458 2074 laudatio;
475 2024 566 2082 quam
576 2025 671 2082 quum
683 2005 819 2082 legimus,
829 2024 918 2083 quem
929 2005 1057 2082 philose·
1067 2004 1097 2082 l<

158 2085 256 2166 phura
274 2079 588 2146 non‘conterrnimus?
610 2083 676 2144 Nec
689 2104 762 2144 vero
776 2085 829 2143 ille
840 2085 871 2142 iu
886 2083 954 2144 luce
969 2086 1057 2144 modo

65 2187 68 2193 ·
158 2175 249 2244 atque
270 2165 303 2224 in
323 2164 417 2225 oculis
439 2164 553 2223 crium
576 2184 713 2242 magnus,
734 2165 785 2224 sed
811 2165 892 2222 intus
916 2164 1057 2242 domique

157 2245 368 2325 praestantior.
410 2244 474 2320 Qui
501 2265 608 2316 sermo,
631 2263 709 2322 qnae
736 2245 913 2322 praeceptat
943 2254 1058 2322 quanta

157 2325 269 2386 notitia
295 2324 497 2402 antiquitatis,
520 2324 648 2384 scientia
672 2323 751 2403 juris
774 2323 910 2402 augurii!
938 2324 1056 2384 Multae
1072 2321 1111 2383 25

157 2404 259 2477 etiam,
280 2413 315 2464 ut
336 2405 368 2463 in
389 2403 513 2464 homine
534 2403 682 2474 Romano,
701 2403 829 2464 litterae.
871 2401 985 2463 Omnia
999 2421 1058 2464 me·

79 2519 81 2523 ,
158 2480 256 2545 moria
276 2483 408 2556 tenebat,
423 2504 484 2543 non
505 2484 671 2544 domestica
691 2483 799 2554 solum,
821 2482 872 2544 sed
894 2484 985 2543 etiam
1007 2505 1057 2543 ex-

30 2573 33 2584 *
90 2589 91 2592 ¹
156 2573 245 2626 terna
266 2563 355 2624 bella.
396 2561 492 2642 cujus
511 2583 647 2623 sermone
661 2563 706 2624 ita
720 2572 785 2622 turn
800 2561 910 2640 cupide
923 2563 1056 2636 fruebar,

157 2644 244 2723 quasi
260 2644 325 2723 jam
347 2643 517 2705 divinarem
538 2643 579 2714 id,
596 2643 677 2720 quod
699 2642 809 2715 evenit,
825 2642 879 2702 illo
898 2643 1057 2717 exstincte,

157 2726 222 2785 iore
236 2723 316 2783 unde
331 2722 475 2782 discerem
490 2723 650 2782 neminem.
1072 2722 1112 2784 30
1134 2748 1136 2753 ·

39 2879 41 2882 Ι
132 2813 172 2892 μβ
198 2802 237 2864 V.
261 2804 396 2880 Quorsus
428 2802 522 2879 igitur
551 2803 625 2861 haec
645 2811 709 2862 tam
731 2801 830 2862 multa
846 2801 882 2862 de
899 2800 1058 2864 Maximo?

157 2883 241 2962 Quia
255 2883 390 2962 profecto
406 2881 515 2944 videtis
530 2881 613 2942 nefas
628 2902 690 2942 esse
703 2882 798 2954 dictu,
813 2883 953 2942 miseram
968 2883 1058 2943 fuisse

155 2965 250 3026 talem
271 2971 463 3022 senectutem.
506 2959 571 3022 Nec
592 2972 694 3022 tamen
719 2983 821 3022 omnes
846 2971 971 3040 possunt
995 2983 1056 3023 esse

156 3043 310 3122 Scipiones
331 3053 386 3102 alit
407 3041 548 3114 Maximi,
564 3051 598 3101 ut
618 3041 741 3102 urbium
760 3043 1009 3120 expugnationes,
1024 3051 1059 3102 ut

155 3124 308 3202 pedestres
329 3122 492 3182 navalesve
513 3141 638 3199 pugnas,
659 3130 695 3180 ut
715 3121 797 3181 bella
818 3141 836 3180 a
856 3141 887 3180 se
908 3130 1001 3198 gesta,
1023 3131 1058 3183 ut
1073 3121 1111 3181 35

156 3203 327 3281 triumphos
356 3201 558 3262 recordentur,
600 3201 658 3260 Est
685 3201 777 3261 etiam
803 3201 904 3278 quiete
928 3209 959 3260 et
983 3221 1059 3279 pure

156 3293 249 3361 atque
269 3282 423 3359 eleganter
444 3291 529 3340 actae
550 3281 658 3340 aetatis
678 3279 800 3359 placida
814 3299 850 3338 ac
866 3278 943 3338 lenis
958 3299 1058 3339 senec-

149 3355 214 3434 tus,
225 3359 345 3441 qualem
356 3361 527 3444 accepi-mus
539 3359 687 3432 Platonis,
699 3359 751 3438 qui
763 3377 824 3416 uno
834 3365 865 3418 et
875 3357 1057 3432 octogesimo

355 3486 396 3545 iv
411 3467 476 3526 sss-d
