2524 3712
468 203 585 252 caro
615 204 781 254 nasos.
1087 189 1130 254 2⁷

175 357 359 424 senectutem
374 361 510 434 laudare,
525 383 603 441 qnae
624 363 834 422 fundamentis
854 361 1076 424 adolescentiae

176 443 343 504 constituta
363 442 419 514 sit;
441 462 479 502 ex
501 463 560 521 quo
582 443 713 502 eflicitur
732 443 772 516 id,
791 443 870 521 quod
885 463 945 536 'ego
965 463 1075 523 magno

176 522 329 602 quondam
354 542 424 582 cum
448 541 567 582 assensu
591 522 726 582 omnium
751 523 827 594 dixi,
852 543 990 584 miseram
1013 544 1075 584 esse

176 611 370 673 senectutem,
385 622 463 680 quae
483 622 514 661 se
535 603 671 662 oratione
693 602 875 663 defenderet.
917 603 988 664 Non
1006 605 1074 664 cani

177 703 232 742 nec
247 701 341 760 rugae
355 690 478 760 repente
492 682 703 742 auctoritatem
719 683 852 760 arripere
866 693 1007 761 possunt;
1022 683 1074 744 sed
1109 683 1128 744 5

177 763 302 821 honeste
315 771 385 822 acta
399 761 534 839 superior
548 773 631 821 aetas
646 763 763 822 fructus
783 763 866 841 capit
885 763 1075 823 auctoritatis

178 851 337 902 extremos.
379 841 467 902 Haec
489 841 569 901 enim
593 843 659 920 ipsa
681 851 752 918 suut
774 842 974 914 honorabilia,
998 863 1075 921 quac

178 923 322 982 videntur
352 921 433 982 levia
467 931 558 1000 atque
586 923 769 994 communia,
797 922 933 994 salutari,
962 923 1074 1001 appeti,

178 1001 292 1074 (incedi,
307 1002 431 1080 assurgi,
443 1000 563 1074 deduci,
578 1001 691 1075 reduci,
706 1001 821 1062 consuli
830 1023 837 1073 ;
857 1021 935 1080 quae
948 1011 979 1062 et
992 1003 1074 1080 apud

178 1102 231 1141 nos
246 1093 277 1141 et
291 1082 323 1140 iu
337 1082 406 1140 aliis
420 1081 605 1152 civitatibus,
621 1093 655 1140 nt
669 1101 807 1160 quaeque
825 1083 938 1160 optime
958 1091 1075 1142 morata
1090 1083 1128 1143 10

178 1173 232 1234 est,
268 1162 311 1220 ita
344 1161 574 1240 diligentissime
607 1161 815 1223 observantur.
879 1161 1073 1241 Lysandrum

179 1241 465 1312 Lacedaemonium,
481 1242 567 1320 cujus
588 1243 677 1302 modo
695 1243 751 1302 t'eci
767 1242 960 1314 mentionem,
975 1241 1076 1302 dicere

148 1340 151 1345 ·
179 1322 268 1381 aiunt
294 1321 427 1394 solitum,
455 1320 714 1382 Lacedaemonem
742 1341 805 1382 esse
831 1322 1074 1382 honestissimum

179 1400 368 1462 domicilium
382 1401 558 1474 senectutis;
573 1419 721 1479 nusquam
737 1402 817 1461 enim
831 1410 951 1461 tantum
966 1401 1073 1461 tribui-

180 1490 231 1542 tur
252 1481 355 1553 aetati,
372 1501 521 1559 nusquam
543 1491 587 1541 est
607 1492 743 1541 senectus
765 1481 947 1541 honoratior.
991 1481 1074 1556 Quin
1091 1482 1129 1541 15

180 1563 272 1622 etiam
294 1561 456 1621 memoriae
478 1561 633 1639 proditum
653 1573 706 1634 est,
727 1581 821 1640 quum
843 1559 974 1620 Athenis
995 1561 1076 1620 ludis

180 1642 303 1722 quidam
327 1642 360 1700 in
383 1641 536 1700 theatrum
558 1641 683 1720 grandis
706 1652 781 1701 natu
806 1641 944 1713 venisset,
966 1661 1076 1719 magno

178 1741 317 1783 consessu
341 1722 442 1781 locum
464 1739 613 1798 nusquam
638 1721 665 1780 ei
690 1720 795 1781 datum
818 1741 838 1780 a
859 1721 920 1780 suis
942 1720 1076 1792 civibus;

180 1823 274 1880 quum
289 1811 389 1861 autem
405 1801 444 1860 ad
457 1799 711 1860 Lacedaemonios
724 1800 904 1872 accessisset,
913 1801 974 1878 qui,
985 1800 1077 1878 legati

181 1901 274 1962 quum
289 1890 395 1953 essent,
410 1889 491 1940 certo
506 1880 538 1940 iu
554 1879 619 1940 loco
634 1880 840 1952 consederant,
856 1882 1076 1940 consurrexisse
1092 1882 1130 1941 20

181 1981 284 2021 omnes
298 1960 346 2020 illi
361 1961 505 2020 dicuntur
518 1970 548 2020 et
562 1980 663 2020 senem
680 1979 790 2020 sessum
807 1959 959 2037 recepisse.
1002 1959 1077 2034 Qui·

181 2040 238 2101 bus
251 2059 345 2119 quum
359 2061 379 2100 a
393 2038 502 2100 cuncto
517 2059 653 2100 consessu
674 2039 797 2117 plausus
817 2049 893 2098 esset
913 2038 1076 2118 multiplex

181 2120 280 2193 datus,
308 2119 421 2179 dixisse
448 2140 487 2179 ex
515 2119 552 2180 iis
580 2120 741 2198 quendam,
769 2118 971 2179 Athenienses
1001 2119 1077 2179 scire

181 2220 259 2278 quae
279 2209 362 2259 recta
382 2208 488 2272 essent,
502 2199 554 2260 sed
569 2199 668 2259 facere
683 2199 772 2259 nolle.
814 2198 915 2258 Multa
929 2199 962 2258 in
976 2208 1077 2258 nostro

182 2279 310 2359 collegio
325 2279 491 2360 praeclara,
505 2279 557 2339 sed
573 2279 640 2351 hoc,
651 2278 688 2338 de
703 2299 762 2357 quo
777 2278 903 2356 agimus,
915 2279 947 2337 in
961 2278 1076 2357 primis,
1092 2280 1131 2339 25

181 2360 273 2438 quod,
300 2368 336 2419 ut
363 2360 490 2438 quisque
518 2368 618 2419 aetate
645 2358 806 2430 antecedit,
834 2357 879 2417 ita
909 2357 1077 2417 sententiae

181 2439 387 2578 principatum
402 2448 493 2511 tenet,
508 2458 606 2517 neque
625 2445 722 2498 sotum
743 2438 857 2499 honore
876 2437 1077 2497 antecedenti·

204 2539 248 2592 us,
268 2518 320 2579 sed
345 2519 382 2579 iis
407 2519 508 2592 etiam,
529 2519 582 2597 qui
605 2537 674 2578 cum
697 2518 825 2596 imperio
848 2527 927 2589 sunt,
949 2518 1076 2596 majores

181 2607 255 2658 natn
270 2619 399 2676 augures
413 2607 648 2677 anteponuntur.
678 2597 765 2673 Quae
778 2606 850 2657 sunt
863 2597 958 2675 igitur
972 2597 1077 2676 volup-

181 2685 257 2738 tates
267 2679 399 2756 corporis
408 2698 477 2738 cum
487 2679 677 2738 auctoritatis
688 2676 828 2756 praemiis
837 2676 1076 2755 comparandae?
1090 2678 1130 2738 30

181 2757 291 2836 quibus
306 2759 359 2836 qui
373 2757 531 2836 splendide
545 2757 592 2816 usi
606 2766 685 2828 sunt,
701 2758 722 2815 ii
738 2757 814 2816 mihi
828 2755 971 2818 videntur
990 2755 1076 2816 fabu-

181 2836 244 2897 lam
265 2838 372 2898 aetatis
393 2837 540 2916 peregisse
560 2857 616 2896 nec
639 2847 792 2916 tamquam
808 2836 1001 2898 inexercitati
1016 2836 1075 2896 his·

180 2917 293 2976 triones
307 2918 340 2976 in
354 2926 490 2977 extremo
504 2925 575 2976 actu
589 2917 744 2977 corruisse.

221 2995 267 3056 At
289 3006 361 3056 sunt
384 2996 494 3056 morosi
514 3005 545 3055 et
569 2997 655 3055 anxii
678 3005 708 3055 et
728 2995 867 3056 iracundi
888 3004 920 3056 et
939 2994 1076 3056 difficiles

179 3093 277 3138 senes
316 3075 350 3135 Si
364 3076 545 3154 quaerimus,
560 3075 656 3135 etiam
668 3077 770 3146 avari;
791 3075 843 3135 sed
858 3075 933 3136 haec
957 3095 1074 3134 morum
1090 3076 1129 3137 35

180 3154 258 3215 vitia
271 3164 350 3228 sunt,
359 3173 421 3214 non
434 3155 604 3215 senectutis.
647 3154 695 3214 Ac
710 3155 866 3214 morositas
880 3165 983 3215 tamen
996 3164 1027 3215 et
1040 3177 1076 3216 ea

181 3233 267 3306 vitia,
290 3253 368 3312 quae
392 3233 468 3305 dixi,
493 3233 607 3294 habent
631 3233 748 3312 aliquid
776 3235 988 3306 excusationis,
1013 3254 1075 3294 non

181 3311 264 3373 illius
279 3312 401 3393 quidem
413 3314 521 3392 justae,
533 3313 585 3373 sed
599 3333 677 3391 quae
693 3312 814 3390 probari
825 3333 910 3389 posse
921 3313 1074 3373 videatur:

182 3394 334 3454 contemni
342 3414 374 3454 se
381 3401 501 3472 putant,
511 3393 634 3471 despici,
643 3391 750 3450 illudi:
765 3398 920 3469 praeterea
930 3389 962 3448 in
971 3391 1076 3467 fragili
