2524 3712
521 245 739 296 cremus.
880 234 941 241 ”
1062 216 1106 294 tl

109 451 112 459 a
158 403 252 466 etiam
272 401 438 464 admodum
457 401 655 464 adolescentis
676 403 711 464 P.
727 403 847 476 Rutilii,
862 402 901 464 A.
912 402 1056 482 Verginii

159 484 370 544 familiaritate
390 484 531 544 delector.
574 483 789 562 Quoniamque
811 485 856 544 ita
878 485 957 544 ratio
978 504 1057 544 com·

159 573 269 643 parata
282 571 328 623 est
341 563 423 624 vitae
436 573 625 642 naturaeque
640 574 769 636 nostrae,
781 573 816 624 ut
830 565 892 624 alia
909 565 962 640 [ex
977 563 1055 640 alia]

160 653 243 704 aetas
264 643 388 716 oriatur,
404 643 538 702 maxime
556 642 680 720 quidem
698 643 866 721 optandum
881 654 925 703 est
939 653 974 703 ut
987 663 1056 704 cum
1119 675 1122 680 ·

161 721 340 800 aequalibus
353 723 457 800 possis,
471 721 651 800 quibuscum
673 731 830 801 tamquam
850 743 867 782 e
888 722 1057 782 carceribus
1091 721 1111 781 5

162 805 286 862 emissus
304 802 353 874 sis,
368 822 438 861 cum
453 801 558 861 iisdem
574 802 613 860 ad
629 801 753 875 calcem,
768 812 803 862 ut
817 803 939 876 dicitur,
954 822 1057 882 perve-

162 883 236 941 nire.
267 880 327 942 Sed
342 882 485 960 quoniam
501 901 547 940 res
561 881 713 942 humanae
728 881 850 960 fragiles
866 882 1057 960 caducaeque

162 970 242 1034 sunt,
255 981 372 1040 semper
393 960 489 1039 aliqui
508 961 693 1039 anquirendi
711 971 792 1034 sunt,
806 982 880 1040 quos
894 963 1069 1040 diligamus¹

162 1049 194 1101 et
206 1061 226 1101 a
237 1040 346 1119 quibus
357 1041 524 1119 diligamur
534 1062 541 1113 ;
556 1041 685 1100 caritate
695 1041 776 1101 enim
787 1041 1058 1120 benevolentiaque

162 1121 285 1181 sublata
304 1121 403 1180 omnis
423 1129 468 1181 est
488 1141 505 1180 e
524 1121 591 1201 uita
610 1119 733 1180 sublata
749 1121 936 1200 jucunditas.
977 1120 1057 1180 Mihi
1073 1120 1111 1181 10

163 1201 285 1279 quidem
306 1199 417 1278 Scipio,
439 1220 624 1279 quamquam
645 1209 690 1260 est
710 1200 811 1261 subito
831 1212 960 1280 ereptus,
979 1201 1058 1262 vivit

116 1329 121 1334 .
163 1289 266 1342 tamen
286 1301 462 1358 semperque
476 1281 575 1351 vivet;
597 1281 744 1342 virtutem
758 1281 839 1341 cuim
855 1282 958 1343 amavi
975 1280 1058 1340 illius

164 1360 233 1432 viri,
248 1380 326 1438 quae
340 1361 491 1419 exstincta
505 1381 566 1420 non
582 1369 634 1420 est.
677 1359 743 1420 Nec
757 1361 833 1420 mibi
849 1361 906 1420 soli
920 1369 1059 1422 versatur

164 1450 235 1501 ante
248 1439 360 1512 oculos,
376 1440 428 1518 qui
448 1439 533 1500 illam
555 1459 673 1518 semper
687 1440 718 1498 in
734 1441 874 1500 manibus
889 1440 992 1513 habui,
1006 1440 1058 1500 sed

164 1521 256 1582 etiam
271 1520 396 1598 posteris
411 1519 468 1578 erit
483 1519 566 1579 clara
581 1529 611 1580 et
625 1519 760 1598 insignis.
801 1521 899 1580 Nemo
915 1541 1059 1598 umquam
1074 1519 1113 1581 15

109 1617 111 1622 ·
164 1601 267 1660 animo
291 1608 345 1659 aut
366 1620 418 1678 spe
441 1600 557 1678 majora
581 1600 733 1678 suscipiet,
748 1599 801 1678 qui
821 1600 879 1660 sibi
896 1621 956 1660 non
976 1601 1059 1659 illius

165 1679 339 1739 memoriam
375 1689 467 1757 atque
500 1679 664 1758 imaginem
700 1679 929 1758 proponendam
962 1687 1057 1758 putet.

165 1759 318 1838 Equidem
339 1779 378 1819 ex
399 1757 539 1818 omnibus
560 1759 658 1831 rebec,
673 1779 748 1836 quas
767 1759 843 1818 mihi
862 1769 917 1820 aut
937 1758 1059 1820 fortuna

165 1848 226 1899 aut,
241 1848 352 1898 natura
373 1837 490 1910 tribuit,
507 1837 584 1897 nibil
606 1838 712 1910 babeo,
728 1839 810 1917 quod
832 1859 901 1898 curn
923 1839 1059 1899 amicitia

165 1918 315 1997 Scipionis
343 1919 454 1997 possim
483 1938 666 1997 comparare.
708 1918 747 1978 In
775 1919 833 1978 hac
861 1919 937 1978 mibi
961 1919 1000 1980 de
1026 1939 1059 1978 re
1074 1918 1113 1980 20

165 1998 291 2078 publica
319 2018 487 2072 consensus,
513 1998 545 2058 in
571 1999 629 2058 bac
653 2018 755 2057 rerum
799 1999 966 2059 rivatarum
992 2019 1060 2058 con·

165 2077 278 2150 silium,
306 2077 338 2137 in
366 2078 472 2137 eadem
501 2077 618 2156 requies
645 2077 736 2158 plena
760 2019 971 2139 oblectationis
991 2079 1059 2139 fuit

166 2155 342 2237 Numquam
358 2157 446 2216 illum
466 2178 504 2218 ne
518 2159 646 2218 minima
660 2158 784 2236 quidem
797 2179 829 2218 re
844 2158 964 2231 offendi,
979 2158 1060 2237 quod

165 2237 290 2316 quidem
317 2237 477 2310 senserim;
505 2237 585 2300 nibil
614 2237 721 2316 audivi
749 2258 789 2298 ex
816 2258 851 2298 eo
879 2239 950 2317 ipse,
979 2237 1060 2317 quod

165 2316 297 2390 nollem;
319 2337 381 2376 una
408 2317 516 2378 domus
543 2326 618 2390 erat,
639 2317 719 2376 idem
745 2317 843 2378 victus
870 2317 954 2397 isque
982 2338 1059 2377 com·
1074 2317 1113 2378 25

165 2397 283 2468 munis;
298 2396 502 2476 nequesolum
511 2397 632 2470 militia,
641 2397 694 2456 sed
703 2398 794 2458 etiam
806 2397 1060 2476 peregrinationes

165 2477 435 2555 rusticationesque
449 2496 631 2537 communes.
661 2476 741 2536 Nam
753 2478 828 2556 quid
838 2498 893 2556 ego
904 2477 942 2537 de
952 2478 1059 2538 studiis

165 2556 267 2616 dicam
282 2556 481 2635 cognoscendi
495 2576 613 2635 semper
629 2557 748 2635 aliquid
763 2567 854 2636 atque
868 2557 1011 2629 discendi,
1026 2557 1058 2616 in

165 2634 275 2714 quibus
288 2635 397 2696 remoti
410 2634 450 2696 ab
464 2635 559 2696 oculis
574 2635 680 2716 populi
694 2656 783 2696 omne
797 2637 926 2696 otiosum
940 2646 1059 2716 tempus

165 2715 385 2776 contrivimus?
419 2715 558 2792 Quarum
572 2735 671 2775 rerum
687 2717 856 2776 recordatio
870 2725 900 2776 ct
915 2717 1059 2776 memoria
1074 2716 1113 2779 30

164 2795 190 2855 si
205 2815 350 2855 unacum
370 2795 424 2856 illo
438 2795 604 2868 occidisset,
619 2794 801 2855 desiderium
822 2796 1059 2876 conjunctissimi

164 2884 257 2954 atque
270 2875 469 2935 amantissimi
481 2875 541 2935 viri
555 2875 634 2934 ferre
647 2875 733 2934 nullo
748 2875 837 2935 modo
848 2896 972 2954 possem.
1000 2875 1059 2936 Sed

164 2974 220 3014 nec
233 2953 289 3013 illa
303 2955 455 3015 exstincta
467 2957 539 3014 sunt
552 2954 738 3032 alunturque
753 2955 851 3033 potius
865 2963 896 3016 et
909 2964 1060 3033 augentur

164 3033 348 3112 cogitatione
361 3042 392 3094 et
406 3033 551 3094 memoria
565 3054 649 3104 mea;
665 3043 703 3106 et,
718 3034 743 3093 si
758 3033 819 3094 illis
833 3034 925 3113 plane
936 3036 1059 3095 orbatus

164 3131 267 3185 essem,
281 3133 426 3190 magnum
441 3122 543 3173 tamen
558 3113 679 3173 afferret
699 3113 775 3173 mihi
794 3125 877 3174 aetas
897 3115 963 3194 ipsa
983 3113 1058 3174 sola·
1074 3114 1113 3174 35

164 3192 251 3265 tium,
275 3192 392 3252 diutius
416 3193 496 3252 enim
514 3193 581 3271 jam
606 3193 638 3252 iu
662 3192 720 3252 hoc
743 3193 892 3253 desiderio
914 3213 976 3254 esse
998 3214 1059 3253 non

164 3291 300 3351 possum;
322 3273 424 3332 omnia
438 3281 541 3332 autem
555 3271 662 3335 brevia
675 3271 851 3334 tolerabilia
863 3293 925 3334 esse
939 3272 1059 3347 debent,

164 3350 256 3412 etiam
269 3351 296 3412 si
311 3371 423 3432 magna
435 3359 515 3412 aunt.
