2524 3712
13 167 32 238 ’μ

128 2 284 83 ,ΜΝΙ

148 195 189 259 22
390 211 427 260 n.
459 209 628 258 runnu
658 207 914 258 crosaorms

200 366 369 428 delectatur
395 368 449 446 qui
475 367 508 427 in
536 368 635 446 prima
662 363 769 506 (33νῇη
783 375 907 446 spectat,
929 367 1101 430 delectatur

200 457 301 507 tamen
314 449 405 506 etiam
419 448 471 525 qui
487 449 517 506 in
534 377 719 519 ultimaissic'
757 446 917 507 olescentia
928 449 1099 526 voluptates

201 538 328 618 tffffltf„
337 527 568 612 impensmagis
583 528 708 586 fortasse
718 527 858 596 laetatur,
869 527 921 587 sed
932 528 1100 589 delectatur

201 629 294 668 cnam
314 609 450 666 senectus
467 607 572 685 procul
588 628 637 667 eas
651 617 789 684 spectans
805 616 934 680 tantum,
950 616 1100 686 quantum

169 689 248 750 lisat
275 695 326 746 est.
379 686 425 745 At
452 683 507 746 illa
556 687 641 747 uanti
670 695 749 764 sunt,
777 687 915 746 animum
942 697 1099 767 tamquam

202 767 333 842 emeritis
361 767 520 844 stipendiis
534 707 693 838 libidinis,
723 759 906 838 ambitionis
935 768 1099 826 contentio-

202 867 283 920 num,
316 846 554 918 inimicitiarum,
589 846 792 924 cupiditatum
828 847 963 905 omnium
997 867 1099 906 secum

201 948 263 987 csse
289 947 459 1004 secumque,
485 935 519 985 ut
546 925 667 998 dicitur,
693 925 812 986 vivere!
854 926 885 985 si
910 946 982 986 vero
1007 926 1099 986 habet

201 1007 324 1084 aliquod
349 1016 503 1084 tamquam
530 1005 676 1084 pabulum
701 1005 795 1065 studii
820 1015 912 1084 atque
933 1006 1098 1080 doctrinae,

147 1088 187 1150 10
201 1087 275 1146 nibil
300 1095 342 1145 o-t
364 1088 459 1162 emsa
480 1094 632 1145 senectute
645 1085 820 1164 jucundius.
863 1084 1052 1146 Videbamus
1068 1087 1099 1144 in

201 1167 300 1226 studio
315 1166 491 1226 dimetiendi
506 1185 601 1245 paene
616 1165 690 1224 caeli
706 1174 797 1243 atque
816 1174 914 1226 terrae
928 1164 961 1225 O.
974 1165 1098 1238 Galum,

200 1245 381 1308 familiarem
405 1247 499 1324 patris
521 1245 576 1316 tui,
599 1244 709 1323 Scipio.
752 1245 900 1320 Quotiens
927 1244 1016 1304 illum
1044 1245 1099 1305 lux

200 1336 291 1386 noctu
320 1325 436 1404 aliquid
464 1325 631 1385 describere
659 1325 836 1402 ingressum,
864 1320 1002 1404 quotiens
1035 1345 1099 1386 nox

200 1405 354 1485 oppressit,
374 1425 467 1485 quum
489 1401 577 1464 muno
597 1405 757 1482 coepisset!
800 1405 903 1481 Quam
924 1405 1096 1465 delectabat
1160 1465 1163 1470 .

92 1523 100 1545 ,
133 1518 137 1530 ·
148 1489 186 1548 15
200 1506 269 1546 eum
281 1487 461 1562 defecmmes
472 1486 541 1545 solis
552 1495 582 1545 et
593 1485 684 1544 lunae
695 1478 791 1546 inulto
802 1495 873 1546 ante
884 1485 970 1544 uobis
981 1485 1097 1564 praedi-

13 2145 18 2152 ·
33 2121 34 2124 ’
89 2133 94 2138 “
200 2124 300 2184 civilis
309 2125 388 2202 juris
402 2124 502 2184 studio
517 2123 644 2202 loquar?
665 2133 719 2183 aut
734 2125 772 2184 de
786 2124 876 2203 hujus

201 1568 283 1626 cerei
327 1566 411 1642 Quid
427 1566 458 1624 in
473 1565 637 1626 levioribus
652 1565 769 1636 studiis,
784 1565 836 1625 sed
858 1574 958 1624 tamen
979 1565 1098 1625 acutis?

200 1646 302 1721 Quam
326 1645 480 1725 gaudebat
503 1645 584 1705 bello
607 1666 661 1705 suo
686 1645 803 1713 Punico
827 1643 979 1705 Naevius!
1005 1665 1098 1724 quam

200 1725 385 1786 Truculento
408 1725 553 1786 Plautus!
583 1746 672 1804 quam
697 1724 863 1785 Pseudolo!
907 1723 983 1785 Vidi
1004 1725 1097 1784 etiam

192 1825 299 1874 senem
314 1793 447 1876 Livium,
463 1806 523 1884 qui,
540 1825 632 1882 quum
654 1825 708 1864 sex
729 1806 816 1864 annis
838 1814 909 1882 apte
928 1825 1020 1884 quam
1039 1825 1094 1884 ego
1177 1860 1180 1865 .
1247 1797 1249 1856 ἶ

147 1888 186 1950 20
200 1895 290 1944 natus
311 1907 375 1944 sum
399 1884 535 1943 fabulam
557 1885 705 1944 docuisset
728 1885 863 1945 (lentona
885 1885 1097 1965 Tuditanoque

200 1965 381 2037 consulibus,
403 1985 496 2043 usque
517 1966 557 2024 ad
578 1965 811 2024 adolescentiam
834 1986 932 2026 meam
953 1967 1096 2045 processit

141 2069 147 2084 ,
200 2054 306 2104 aetate.
349 2044 434 2120 Quid
462 2045 500 2104 de
527 2044 562 2103 P.
591 2044 704 2103 Licinii
726 2045 825 2104 Crassi
847 2061 878 2106 ct
919 2046 1045 2106 ontificii
1066 2054 1097 2106 et

890 2065 924 2184 ἓ.
937 2125 1096 2203 Scipionis,

200 2204 252 2283 qui
271 2204 318 2264 his
336 2204 439 2282 paucis
460 2203 565 2264 diebus
587 2203 723 2282 pontifex
745 2205 898 2264 maximus
915 2205 1013 2264 factus
1030 2207 1095 2264 est?

147 2287 185 2346 25
201 2284 297 2363 Atqui
326 2304 374 2343 eos
402 2303 513 2356 omnes,
542 2303 616 2362 quos
644 2285 887 2358 commemoravi,
915 2284 962 2344 his
988 2285 1096 2344 studiis

199 2364 361 2441 flagrantes
381 2384 465 2424 senes
486 2363 626 2424 vidimus.
670 2363 713 2423 M.
728 2385 801 2424 vero
815 2363 992 2442 Cethegum,
1007 2385 1096 2442 qucm

199 2457 279 2502 recte
300 2443 419 2502 Suadae
439 2443 604 2501 medullam
624 2443 704 2502 dixit
724 2443 851 2516 Ennius
867 2454 981 2523 quanto
995 2445 1096 2504 studio

199 2524 332 2582 exerceri
346 2524 380 2594 in¹
392 2521 521 2582 dicendo
536 2521 715 2583 videbamus
737 2523 829 2582 etiam
849 2526 965 2586 senem!
1008 2523 1104 2599 Quae·

199 2612 270 2662 sunt
297 2602 391 2680 igitur
418 2601 577 2680 epularum
606 2613 660 2661 aut
689 2602 831 2662 ludorum
853 2613 908 2664 aut
928 2611 1094 2664 scortorum

146 2685 185 2746 30
199 2681 371 2758 voluptates
410 2700 479 2741 cum
517 2681 567 2741 his
604 2681 813 2761 voluptatibus
853 2682 1096 2760 comparandae?
1174 2690 1178 2697 '

199 2760 302 2838 Atque
323 2760 397 2818 haec
419 2760 541 2839 quidem
562 2761 665 2820 studia
686 2762 858 2832 doctrinae;
880 2781 958 2839 quae
972 2763 1095 2840 quidem
1155 2775 1158 2779 ’
1244 2749 1249 2798 ⁴³

95 2887 97 2890 .
198 2840 397 2919 prudentibus
425 2850 456 2900 ct
485 2839 560 2900 bene
587 2840 733 2901 institutis
761 2840 875 2918 pariter
903 2861 971 2900 cum
997 2852 1096 2904 aetate
1200 2888 1204 2896 .

100 2975 104 2982 .
163 2979 168 2990 ,
199 2927 345 2990 crescunt,
373 2928 408 2979 ut
435 2917 595 2980 honestum
622 2920 700 2978 illud
728 2919 846 2980 Solonis
873 2919 922 2990 sit,
943 2921 1022 2998 quod
1051 2923 1096 2984 ait

13 3253 108 3282 'N

110 3344 130 3400 i

198 2999 348 3058 versiculo
362 3000 504 3078 quodam,
519 3009 554 3058 ut
568 3007 638 3059 ante
652 2999 728 3071 dixi,
742 3019 892 3059 senescere
905 3019 936 3059 se
951 3000 1048 3060 multa
1062 3002 1095 3060 in

146 3079 184 3140 35
198 3078 261 3138 dies
286 3078 508 3150 addiscentem
529 3099 590 3158 qua
611 3078 769 3158 voluptate
789 3078 884 3138 animi
905 3080 993 3140 nulla
1014 3095 1095 3140 certe

176 3217 189 3241 -.
198 3167 296 3237 potest
310 3179 373 3218 esse
387 3160 491 3250 major.
860 3239 867 3252 ·
1074 3237 1081 3251 ·

128 3235 1094 3394 m*triblittsttltlddltlffi„tilliatt:
1192 3349 1199 3356 -

198 3396 363 3474 pediuntur
395 3405 549 3458 senectute
579 3406 610 3457 et
640 3397 715 3458 mihi
751 3339 793 3476 ad
823 3398 968 3478 sapientis
995 3399 1093 3459 vitam
