2524 3712
465 193 581 242 aare
611 192 774 240 usses.
844 169 854 189 ¹
1082 177 1124 244 19

171 349 236 410 lum
257 349 376 412 lacinus
396 371 467 422 esse,
482 351 521 411 ad
543 349 623 428 quod
646 348 870 428 suscipiendum
892 367 952 408 non
973 347 1071 410 libido

170 431 338 511 voluptatis
366 430 553 508 impellerem
578 443 684 508 stupra
712 449 784 490 vero
812 438 841 487 et
868 428 1020 488 adulteria
1039 437 1071 490 et

171 531 259 571 omne
273 511 336 571 tale
349 509 500 590 flagitium
513 510 606 576 nullis
621 510 748 569 excitari
763 508 831 567 aliis
847 507 996 568 illecebris
1011 509 1069 568 uisi

66 591 70 598 ’
171 591 357 670 voluptatis;
382 610 536 669 quumque
560 589 676 649 homiui
698 589 761 648 sive
785 597 894 647 natura
915 588 979 647 sive
1003 589 1070 665 quis

171 670 245 730 deus
266 669 344 730 nihil
366 678 466 730 mente
487 668 698 748 praestabilius
720 667 858 739 dedisset,
873 668 945 726 huic
964 667 1070 730 divino
1105 671 1124 730 o

92 808 94 814 ,
172 750 290 810 muneri
305 769 341 810 ac
354 749 434 810 dono
448 749 525 808 nihil
541 759 603 808 tarn
620 769 681 808 esse
695 748 852 807 inimicum
864 767 954 825 quam
965 747 1071 826 volup-

171 838 283 902 tatem;
310 850 365 890 nec
390 830 470 889 enirn
495 828 624 888 libidine
649 828 825 888 dominante
852 828 1070 906 temperantiae

171 908 271 969 locum
293 927 364 982 esse,
379 929 475 988 neque
496 909 620 969 omuino
641 909 672 966 in
688 906 854 986 voluptatis
869 927 961 984 regno
974 907 1070 968 virtu-

171 997 231 1048 tem
246 1009 330 1068 posse
344 991 512 1050 consistere.
544 989 634 1064 Qurrd
647 1008 706 1066 quo
719 987 813 1066 magis
823 986 953 1064 intelligi
963 995 1070 1065 posset,

171 1069 284 1148 fingere
298 1069 399 1129 animo
409 1069 538 1148 jubebat
553 1078 638 1128 tanta
649 1067 810 1126 incitatum
822 1065 953 1145 aliquem
966 1066 1070 1146 volup
1086 1069 1124 1130 10

171 1157 234 1209 tate
254 1150 395 1228 corporis,
410 1161 525 1228 quauta
539 1149 653 1228 percipi
669 1158 767 1226 posset
781 1147 934 1206 maxima:
956 1147 1071 1206 nemini

171 1228 312 1289 censebat
327 1229 390 1289 fore
400 1229 528 1288 dubium
539 1230 614 1307 quin
626 1242 688 1288 tam
704 1227 767 1299 diu,
777 1226 849 1286 dum
863 1227 903 1286 ita
916 1227 1070 1304 gauderet,

170 1308 248 1367 nihil
271 1309 388 1386 agitare
410 1319 518 1381 mente,
540 1308 617 1368 nihil
641 1308 767 1379 ratione,
788 1306 865 1366 nihil
888 1307 1070 1384 cogitatione

18 1371 19 1374 Ἴ
101 1455 103 1460 1
171 1389 312 1467 consequi
325 1397 439 1467 posset;
461 1389 603 1468 quocirca
624 1387 702 1447 nihil
724 1408 785 1448 esse
806 1396 868 1446 tam
891 1386 1070 1447 detestabile

171 1475 294 1547 tamque
316 1469 492 1547 pestiferum
516 1489 607 1547 quam
632 1468 831 1546 voluptatem,
855 1467 1001 1535 siqonius
1026 1487 1070 1538 ea,
1086 1467 1124 1528 15

171 1568 264 1626 quum
287 1551 382 1627 major
403 1561 476 1608 osset
499 1563 590 1626 atque
611 1549 738 1626 longior,
754 1569 841 1606 ourue
857 1548 952 1605 auimi
966 1547 1071 1606 lumen

170 1629 384 1706 exstingueret.
427 1629 513 1688 Haec
539 1649 606 1687 cum
633 1630 665 1700 O.
691 1628 800 1688 Pontio
814 1627 960 1698 Samnite,
983 1635 1070 1704 patre
1124 1641 1132 1650 ⁸

88 1735 91 1742 ·
170 1708 242 1786 ejus,
253 1728 271 1767 a
282 1707 490 1786 quossaudino
499 1707 614 1787 proelio
625 1708 675 1796 Sp.
687 1708 869 1778 Postumius,
881 1705 914 1765 Τ.
926 1705 1071 1767 Veturius

170 1787 306 1847 consules
320 1789 454 1866 superati
468 1797 548 1861 sunt,
564 1787 700 1848 locutum
715 1788 887 1866 Archytam
910 1785 1068 1851 Nearchus

170 1865 361 1940 Tarentinae,
390 1867 495 1946 hospes
524 1877 633 1940 noster,
658 1868 711 1947 qni
739 1869 771 1926 in
800 1867 936 1928 amicitia
963 1865 1069 1945 populi
1085 1863 1124 1930 20

170 1945 303 2006 Romani
318 1951 530 2026 permanserat,
545 1969 576 2008 se
597 1968 616 2007 a
636 1947 802 2026 majoribus
823 1958 899 2006 natu
921 1947 1069 2026 accepisse

169 2026 299 2098 dicebat,
315 2047 413 2108 quum
430 2028 552 2106 quidem
574 2028 601 2086 ei
622 2029 751 2087 sermoni
774 2027 959 2087 interfuisset
980 2025 1070 2087 Plato
1092 2033 1097 2043 “

169 2103 373 2179 Atheniensis,
389 2128 478 2186 quem
493 2106 660 2167 Tarentum
674 2108 791 2170 venisse
808 2107 844 2166 L.
860 2101 993 2167 Camillo
1008 2105 1039 2166 A‘
1062 2153 1069 2166 .

147 2184 299 2246 'Claudio
327 2187 500 2246 consulibus
529 2187 653 2265 reperio.
705 2187 859 2263 Quorsum
887 2186 984 2246 haec?
1056 2195 1070 2246 t

169 2263 387 2345 intelligeretis,
402 2268 427 2326 si
442 2266 632 2345 voluptatem
647 2268 802 2346 aspernari
817 2265 934 2329 ratione
948 2275 979 2326 et
992 2266 1069 2344 sapi·
1085 2265 1124 2325 25

169 2345 252 2405 entia
266 2366 326 2406 non
341 2367 502 2424 possemus,
514 2366 654 2425 magnam
668 2367 729 2406 esse
741 2347 912 2407 habendam
924 2346 1070 2406 senectuti

168 2426 310 2503 gratiam,
328 2446 406 2504 quae
422 2427 561 2498 efficeret,
578 2435 612 2486 ut
632 2426 664 2486 id
686 2447 746 2486 non
767 2427 884 2500 liberet,
907 2426 987 2505 quod
1009 2446 1085 2485 non·

63 2535 65 2542 v
169 2515 329 2584 oporteret.
370 2504 505 2584 Impedit
519 2503 598 2565 enim
618 2507 778 2566 consilium
794 2507 943 2586 voluptas,
959 2505 1070 2565 rationi

169 2584 293 2644 inimica
307 2593 359 2658 est,
375 2586 492 2655 mentis
509 2598 541 2644 ut
557 2587 599 2644 ita
614 2587 724 2653 dicam,
741 2587 937 2664 praestringit
958 2585 1068 2658 oculos

168 2684 224 2724 nec
240 2665 332 2726 babet
345 2665 444 2725 ullum
465 2686 533 2724 cum
550 2666 662 2726 virtute
684 2667 907 2726 commercium.
949 2665 1069 2725 Invitus
1085 2663 1124 2726 30

93 2778 96 2786 ·
168 2743 235 2815 feci,
252 2753 287 2804 ut
308 2744 461 2806 fortissimi
477 2746 536 2805 viri
552 2745 586 2806 Τ.
602 2745 773 2806 Flaminini
793 2746 918 2804 fratrem
940 2744 975 2803 L.
999 2745 1069 2804 Fla·

169 2825 318 2884 mininam
334 2845 350 2884 e
365 2834 472 2885 senatu
495 2826 642 2905 ejicerem,
658 2835 771 2904 septem
792 2827 879 2884 anuis
897 2834 1067 2903 postquam

169 2904 272 2964 consul
290 2905 393 2964 fuisset
403 2927 411 2977 ;
425 2905 477 2966 sed
493 2905 659 2965 notandam
676 2904 783 2983 putavi
799 2905 966 2964 libidinem.
1011 2905 1070 2964 llle

168 2985 259 3056 enim,
274 3004 368 3062 quum
383 2995 458 3045 esset
473 2985 578 3046 consul
600 2986 630 3043 in
653 2983 768 3058 Gallia,
783 2995 933 3044 exoratus·
947 2985 977 3042 in
1000 3004 1069 3043 con·

151 3063 252 3123 ⁴virio
275 3084 294 3123 a
315 3074 414 3124 scorto
438 3073 491 3136 est,
514 3074 549 3124 ut
570 3065 668 3124 securi
687 3064 790 3123 feriret
807 3064 940 3142 aliquem
956 3084 1069 3136 eorum,
1085 3062 1124 3122 35

143 3141 220 3280 iqui
244 3143 276 3202 in
298 3143 428 3204 vinculis
451 3154 548 3203 essent
577 3143 714 3203 damnati
743 3143 786 3202 rei
817 3143 965 3222 capitalis.
1007 3142 1070 3202 Hie

169 3221 177 3243 '
196 3223 238 3282 ito
253 3222 347 3283 fratre
360 3243 559 3298 suo-censore,
575 3224 626 3300 qui
643 3223 799 3300 proximus
814 3235 884 3282 ante
899 3243 946 3281 me
960 3221 1069 3293 fuerat,

169 3300 288 3380 elapsus
309 3313 353 3362 est
363 3325 370 3374 ;
393 3303 468 3361 mihi
485 3312 599 3362 verost
615 3303 726 3361 Flacco
747 3302 925 3379 neutiquam
946 3300 1069 3378 probari

168 3381 269 3459 potuit
283 3390 346 3442 tarn
362 3382 513 3460 flagitiosa
528 3389 634 3442 ettam
652 3380 770 3459 perdita
785 3379 891 3449 libido,
906 3397 984 3456 quae
1001 3397 1070 3435 curn

167 3459 279 3540 probro
294 3463 415 3539 privato
430 3462 628 3540 conjungeret
643 3459 762 3536 imperii
778 3457 916 3516 dedecus.
1084 3453 1124 3512 49
