2524 3712
471 170 585 217 caro
616 169 781 218 nasos.
1087 151 1128 216 25

93 363 100 376 ι
126 401 127 404 ¹
174 326 312 386 nominat
315 327 322 384 i
337 336 416 386 sunt.
396 326 614 386 t'tNum
558 327 614 406 igit
616 347 652 385 nr
666 328 775 386 horum
796 334 933 386 senectus
954 325 1074 386 misera-

175 405 285 465 bilisl'
269 409 328 465 ιιιιι
331 408 413 483 ,qui
441 428 472 467 se
497 407 563 484 agri
585 405 718 466 cultione
746 405 846 466 oblec
847 406 940 465 aban
950 407 962 463 ‘l
1004 405 1076 465 Mea

176 487 296 564 quidem
318 454 434 545 sintent
434 489 466 544 ia
490 486 572 544 baud
595 488 656 545 scio
678 507 715 544 an
740 487 825 544 nulla
848 485 963 544 beatior
983 487 1076 578 possit

131 575 133 578 '
176 587 371 643 essemque
400 570 497 625 solnm
534 567 641 637 allicio,
672 567 751 644 qnod
781 566 936 624 hominum
973 567 1075 643 generi

146 675 148 682 ¹
174 648 316 706 ¹universo
337 646 459 706 cultura
480 667 623 724 agrorum
642 656 687 705 est
706 646 856 717 salutarie,
871 645 921 705 sed
937 654 967 704 et
981 645 1076 706 deleo·
1112 646 1130 705 5

123 794 125 800 ι
176 727 300 798 tatione,
328 747 419 804 quam
448 728 524 799 dixi,
553 735 584 785 et
612 726 773 788 saturitate
801 727 948 803 copiaque
976 745 1075 785 rerum

177 807 321 877 omniurn,
338 828 415 884 quae
429 808 468 866 ad
484 808 600 869 victum
616 805 783 878 hominum,
799 805 868 864 ad
853 806 1077 865 cultumcram

177 883 375 978 deorumpert
377 889 460 947 inent
448 896 510 959 ι,ιιι
512 887 670 965 ,quoniam
680 879 886 963 haecquidam
897 885 1077 958 desiderant,

177 965 210 1024 in
231 967 362 1044 gratiam
383 969 446 1046 jam
474 988 543 1027 oum
564 967 722 1044 voluptate
745 966 910 1024 redeamus.
953 965 1078 1056 Semper

178 1046 259 1106 enim
284 1045 354 1106 boni
379 1047 553 1124 assiduique
578 1047 691 1106 domini
717 1045 828 1104 referta
850 1045 925 1103 colla
950 1046 1077 1117 vinaria,
1095 1045 1132 1103 10

178 1125 300 1196 olearia,
315 1126 406 1184 etiam
423 1127 548 1205 penaria
563 1138 615 1198 est,
631 1126 793 1204 villaquct
795 1141 845 1185 ota
860 1125 994 1202 locuples
1015 1136 1077 1196 est3

179 1205 318 1264 abundat
345 1227 445 1284 porco,
470 1207 576 1277 haedo,
602 1227 689 1284 agno,
718 1205 844 1284 gallina,
871 1205 958 1276 laute,
984 1225 1077 1277 caseo,

179 1285 278 1344 melle.
307 1285 379 1346 Jam
394 1287 515 1346 hortum
532 1287 587 1364 ipsi
602 1287 754 1363 agricolae
768 1285 934 1345 succidiam
949 1284 1077 1344 alteram

179 1365 345 1443 appellant.
373 1365 550 1426 Conditiora
565 1367 638 1425 facit
654 1367 727 1426 baec
741 1365 972 1444 supervacaneis
987 1366 1078 1424 etiam

136 1487 139 1494 ·
180 1445 277 1522 operis
298 1447 462 1523 aucupium
485 1447 721 1524 atquevenatio.
766 1446 850 1521 Quid
867 1445 905 1504 de
920 1457 1076 1524 pratorum
1093 1446 1131 1504 15

180 1525 337 1586 viriditate
346 1539 398 1584 aut
408 1525 551 1585 arborum
560 1525 716 1585 ordinibus
725 1527 943 1586 antvinearnm
955 1524 1078 1585 oliveto-

180 1625 287 1664 rumve
301 1607 398 1681 specie
414 1606 503 1682 plura
517 1606 640 1664 dicam?
681 1606 773 1665 Brevi
791 1606 981 1682 praecidam:
1004 1627 1077 1679 auro

181 1684 256 1744 bene
270 1685 353 1744 culto
367 1685 442 1743 nibil
459 1695 628 1764 potestesse
643 1706 697 1744 nec
709 1706 763 1744 usu
777 1686 896 1744 uberius
911 1707 965 1745 nec
980 1687 1078 1762 specie

181 1765 326 1836 ornatius,
341 1765 380 1823 ad
395 1785 491 1858 quem
499 1765 662 1824 fruendum
677 1785 737 1825 non
753 1765 842 1825 modo
856 1783 916 1825 non
933 1767 1077 1838 retardat,

181 1864 287 1904 verum
312 1845 403 1903 etiam
430 1846 540 1906 invitat
564 1856 656 1923 atque
678 1845 804 1905 allectat
826 1855 971 1905 senectus.
1014 1845 1077 1906 Ubi
1094 1846 1133 1906 20

182 1925 262 1982 enim
284 1933 381 2016 potest
370 1925 526 1984 tillat
478 1935 526 1985 aet
528 1945 561 1984 as
584 1935 637 1985 aut
662 1925 809 1985 calescere
823 1926 873 2018 vel
892 1926 1079 2004 apricatione

182 2003 290 2062 melius
300 2003 367 2062 ιιι
360 2005 431 2082 igni,
442 2015 496 2063 aut
506 2006 637 2064 vicissim
646 2004 762 2064 umbris
771 2005 895 2084 aquisve
907 2005 1079 2083 refrigerari

182 2083 357 2142 salubrius?
370 2051 479 2144 Sibi
472 2086 527 2162 igit
531 2105 566 2143 ur
517 2085 713 2144 thabeant
728 2105 822 2157 arma,
837 2085 895 2144 sibi
910 2105 1009 2163 equos,
1021 2085 1079 2144 sibi

183 2163 257 2222 hast
239 2173 293 2234 tas,
316 2163 372 2222 sibi
397 2165 569 2224 clavanrt
539 2174 569 2224 et
592 2164 695 2242 pilam,
716 2165 773 2225 sibi
797 2173 883 2225 natat
885 2165 966 2224 iones
988 2175 1079 2242 atque

184 2263 304 2302 cursus:
339 2244 425 2304 nobis
456 2245 578 2303 senibus
606 2265 644 2302 ex
672 2245 841 2304 lusionibus
869 2245 974 2303 multis
1001 2243 1132 2304 talos‘25

184 2322 402 2415 ιιιιιιιιιιιιιιιι
416 2335 557 2395 tesseras;
579 2324 640 2382 id
633 2345 731 2402 ipsum
755 2335 856 2384 utrum
877 2324 992 2396 libebit,
1009 2345 1078 2403 quo·

183 2403 265 2460 niam
281 2404 346 2462 sine
360 2403 396 2463 iis
411 2403 480 2462 beat
470 2415 501 2463 ta
515 2424 575 2464 esse
589 2415 725 2465 senectus
740 2415 846 2482 potest.

93 2539 96 2548 ,
127 2481 335 2595 ιλιψιυΧιῘΠ.
357 2482 440 2542 Mult
430 2494 474 2542 tas
491 2484 530 2542 ad
550 2505 595 2544 res
615 2484 759 2562 perutiles
776 2482 1079 2622 Xeyophontltibrirs

184 2570 263 2632 sunt,
280 2582 352 2640 quos
367 2563 441 2641 lcgr
443 2583 467 2634 e,
483 2574 643 2641 quaeso
616 2564 806 2636 studiose,t
773 2573 806 2623 ut
825 2564 933 2623 tacitis
977 2564 1079 2656 errun

186 2642 303 2719 copiose
321 2643 360 2702 ab
375 2664 409 2702 eo
424 2643 489 2720 agri
509 2643 574 2702 cult
562 2653 630 2703 tura
652 2644 824 2704 laudatur
818 2664 849 2702 ιιι
869 2664 903 2703 eo
922 2643 1010 2715 libro,
1026 2665 1077 2722 qur
1070 2643 1133 2704 '30

185 2731 229 2780 est
217 2721 281 2780 tde
295 2723 409 2781 tuenda
425 2743 456 2781 re
470 2723 623 2794 familiari,
640 2744 691 2802 qur
684 2723 925 2783 Oeconomicus
943 2723 1079 2782 inscribi-

185 2803 252 2860 turl
293 2800 397 2880 Atque
413 2813 446 2862 ut
461 2771 639 2895 intelligatis
653 2803 771 2862 nibil'er
788 2812 851 2862 tam
865 2803 966 2896 regale
982 2803 1078 2862 videri

185 2895 332 2958 quamt
305 2883 440 2942 studium
465 2883 532 2960 agri
559 2883 687 2952 colendi,
712 2883 885 2942 Socrates
877 2903 909 2941 1n
938 2903 972 2942 eo
1000 2882 1079 2942 libro

185 2960 281 3037 loquit
283 2981 320 3020 ur
340 2983 408 3021 curn
428 2962 595 3034 Critobulo,
613 2961 728 3054 Cyrum
747 2964 902 3033 minorem,
917 2961 1079 3021 Persarum

185 3060 295 3118 regem,
324 3052 526 3119 praestantem
556 3041 676 3119 ingenio
705 3051 795 3132 atque
823 3042 942 3119 imperii
970 3041 1078 3134 gloria,
1093 3041 1132 3101 35

185 3139 278 3197 quum
297 3121 453 3200 Lysander
465 3121 773 3192 Lacedaemonius,
744 3141 792 3180 ιιι
802 3141 936 3180 summae
947 3120 1078 3194 virtutis

185 3200 314 3260 venisset
303 3202 367 3260 tad
383 3221 450 3260 enm
467 3201 764 3278 Sardiseiquedona
780 3201 964 3260 asociisatt
938 3200 1078 3272 ttulisset,

105 3275 109 3281 ⁵
185 3287 215 3338 et
239 3281 345 3339 ceteris
370 3281 400 3338 in
426 3280 515 3339 rebus
540 3299 653 3339 curnem
676 3299 748 3356 erga
772 3280 966 3357 Lysandrum
987 3290 1079 3356 atque

184 3357 353 3419 humanum
374 3361 465 3420 luisse
486 3367 516 3420 et
536 3360 563 3419 ιι
582 3359 735 3437 quendam
756 3367 948 3434 consaeptum
970 3376 1078 3434 agrum
