2524 3712
509 185 723 234 nastros.
1078 167 1121 244 ss

115 367 117 370 ·
168 364 259 422 quam
274 363 336 403 csse
346 343 448 404 virum
461 339 576 401 bonurn
587 341 645 400 nisi
655 341 830 420 sapientem.
860 341 906 402 sir
920 341 965 403 ita
978 362 1068 416 sanc3

168 424 219 483 sed
247 443 313 482 eam
345 421 525 498 sapientiam
560 423 809 499 interpretantur,
839 443 930 502 quam
966 423 1069 484 adhuc

168 502 306 563 mortalis
328 522 416 561 nemo
439 509 483 560 est
506 511 698 571 consecutum
720 521 774 560 nos
799 513 901 561 autem
923 523 967 575 ea,
988 523 1068 582 quae

167 591 240 642 sunt
254 583 286 641 in
300 601 356 641 usu
370 582 495 659 vitaque
509 581 673 654 communi,
683 600 744 640 non
757 601 803 654 ea,
819 601 896 659 quac
909 582 1068 660 finguntur

168 674 223 720 aut
233 670 387 740 optantur,
399 671 535 739 spectare
546 659 698 720 debemus.
714 660 891 740 Numquam
901 683 956 741 ego
965 663 1066 724 dicam
1101 669 1121 729 5

168 741 202 800 C.
224 741 412 812 Fabricium,
433 740 487 800 M'.
509 740 645 812 Curium,
667 741 712 800 Ti.
735 741 970 816 Coruncanium,
991 766 1066 825 quos

168 821 317 900 sapientes
338 821 433 880 nostri
454 822 580 900 majores
597 822 788 900 judicabant,
804 823 844 882 ad
857 825 984 884 istorum
998 847 1066 886 nor-

167 921 249 960 mam
264 901 356 960 fuisse
369 902 527 981 sapientes,
537 911 548 976 s
564 903 668 978 Quare
680 903 738 963 sibi
750 903 886 964 ¹habeant
898 907 1065 985 sapientiae

167 989 277 1042 nornen
305 991 335 1042 et
398 982 548 1044 vidiosum
576 993 607 1044 et
633 983 805 1058 obscurum,
833 984 1001 1048 concedant
1030 999 1065 1049 ut

167 1062 240 1122 boni
254 1063 318 1124 viri
328 1004 450 1124 tullliut
510 1064 541 1124 *e
561 1065 594 1124 id
615 1066 736 1143 quidem
757 1067 887 1128 facient:
908 1090 946 1128 ne
959 1069 1146 1211 fibnuti&

167 1143 199 1202 id
214 1145 272 1204 nisi
286 1146 514 1224 sapientiposse
527 1091 1064 1229 coneedillKga'ffiOETgffufp‘riffiuf,

167 1232 202 1284 ut
221 1225 318 1307 aiunt,
333 1225 504 1294 Minerua!
524 1227 646 1302 Quiita
659 1231 823 1307 segerunt,
838 1229 882 1288 ita
896 1230 1014 1303 irivunt,
1029 1239 1065 1290 ut

158 1308 270 1372 ,eorum
285 1307 430 1386 probetur
445 1307 527 1380 firm,
543 1309 711 1386 integritas,
726 1312 870 1388 aequitas,
886 1307 1063 1384 liberalitas,

167 1407 222 1446 nec
243 1387 335 1446 sitin
356 1389 392 1448 iis
413 1388 479 1448 ulla
500 1389 660 1468 cupiditas,
671 1389 779 1464 ¹libido,
791 1391 929 1464 audacia,
944 1391 1064 1470 sintque

167 1481 279 1546 magna
290 1470 468 1542 constantia,
479 1478 514 1528 ut
528 1470 558 1528 it*
564 1469 698 1542 fuerunt,
709 1471 797 1530 modo
809 1471 883 1549 quos
896 1471 1067 1544 nomin‘rim',
1078 1471 1117 1533 15

166 1547 221 1607 hos
236 1549 315 1609 viro‘s
329 1547 431 1625 bonos,
443 1559 478 1609 nt
492 1549 686 1623 habitfsunt,
700 1550 743 1610 sic
757 1552 850 1610 etiam
864 1549 1063 1629 appellanffiis

167 1631 316 1706 putemne,
332 1631 405 1707 quia
416 1640 592 1708 sequantur,
605 1639 754 1708 quantum
773 1630 910 1690 homines
929 1639 1063 1708 possunt,

167 1714 309 1768 naturam
334 1711 480 1788 optimam
504 1710 579 1770 bene
601 1709 726 1771 tivendi
750 1705 866 1770 (lucem.
908 1709 958 1770 Sic
982 1711 1063 1769 enim

166 1789 243 1848 mihi
262 1791 431 1868 perspicere
452 1789 566 1863 videor,
587 1792 632 1849 ita
653 1800 740 1850 natos
761 1811 823 1850 esse
843 1811 905 1863 uos,
928 1799 963 1849 ut
983 1791 1064 1850 inter

166 1890 269 1929 omnes
290 1879 365 1930 esset
385 1871 511 1930 societas
527 1871 686 1949 quaedam,
700 1871 797 1949 major
810 1881 922 1943 autem,
936 1878 971 1930 ut
985 1871 1063 1952 quia:
1078 1874 1122 1936 20·

165 1955 225 2028 que*
245 1951 384 2028 proxime
405 1951 569 2010 accederet·
611 1951 719 2028 Itaque
734 1952 814 2012 cives
827 1943 1063 2030 potioresquam

166 2030 328 2110 peregrini,
340 2031 504 2110 propinqui
514 2051 606 2109 quam
617 2030 727 2103 alicni3
749 2051 818 2090 cnm
833 2032 881 2090 his
894 2032 974 2090 enim
990 2031 1064 2090 ami-

166 2112 271 2170 citiam
292 2121 404 2171 natura
423 2111 490 2191 ipsa
511 2111 637 2190 peperit,
657 2111 709 2170 scd
733 2132 770 2171 ea
794 2133 854 2170 nou
875 2111 948 2170 satis
968 2110 1063 2170 habet

165 2191 327 2252 firmitatis.
369 2192 511 2271 Namque
538 2191 596 2252 hoc
623 2200 758 2272 praestat
785 2192 921 2250 amicitia
942 2191 1063 2271 propin-

165 2271 287 2350 quitati,
314 2271 395 2351 quod
423 2293 461 2332 ex
488 2272 717 2352 propinquitate
750 2271 962 2332 benevolentia
994 2269 1062 2330 tolli
1078 2273 1117 2333 25

165 2362 273 2430 potest,
288 2373 327 2412 cx
341 2353 477 2412 amicitia
491 2373 552 2412 non
567 2361 681 2431 potest;
701 2351 824 2412 sublata
837 2351 918 2410 enirn
937 2351 1063 2412 benevo-

165 2433 261 2492 lentia
274 2433 429 2492 amicitiae
441 2453 552 2492 nornen
565 2433 695 2506 tollitur,
706 2431 941 2510 propinquitatis
950 2440 1062 2491 manet.

134 2493 293 2587 >Quanta
321 2523 422 2573 autem
452 2513 499 2574 vis
526 2513 678 2572 amicitiae
705 2512 752 2584 sit,
778 2533 817 2570 ex
844 2511 902 2570 hoc
930 2510 1062 2589 intelligi

165 2594 299 2653 maxime
323 2603 430 2673 potest,
455 2594 536 2672 quod
564 2614 603 2652 ex
630 2593 751 2652 infinita
777 2591 924 2652 societate·
946 2591 1062 2669 generis

165 2673 302 2746 humani,
317 2695 409 2753 quam
428 2674 606 2736 conciliavit
626 2674 691 2753 ipsa
714 2681 834 2745 natura,
849 2671 894 2731 ita
907 2679 1063 2731 contracta
1078 2671 1118 2733 30

165 2774 212 2813 res
226 2763 271 2814 est
281 2762 312 2814 et
325 2755 460 2814 adducta
474 2755 505 2813 in
520 2764 693 2834 angustum,
708 2762 743 2812 ut
761 2751 859 2812 omnis
878 2751 990 2812 caritas
1008 2761 1064 2810 aut

73 2833 83 2850 “
168 2833 175 2846 ’
200 2843 246 2892 ter
260 2834 335 2893 duos
350 2844 403 2894 aut
418 2835 497 2894 inter
511 2856 623 2914 paucos
635 2837 822 2914 jungeretur.

207 2913 264 2974 VI.
287 2913 344 2975 Est
369 2916 450 2975 enim
474 2917 610 2975 amicitia
634 2915 711 2974 nihil
737 2913 822 2973 aliud
846 2914 904 2974 nisi
926 2913 1062 2973 omnium

165 2993 341 3056 divinarum
356 2995 620 3075 humanarumque
639 3016 740 3055 rerum
762 3015 831 3054 cum
852 2991 1064 3054 benevolentia

165 3083 196 3134 et
211 3074 339 3134 caritate
353 3077 525 3148 consensi03
546 3098 607 3156 qua
628 3078 749 3156 quidem
771 3075 854 3135 haud
875 3075 936 3134 scio
955 3095 995 3133 an
1012 3093 1063 3131 ex·
1077 3073 1119 3132 35

166 3163 254 3232 cepta
273 3154 423 3232 sapientia
438 3156 515 3214 nihil
530 3157 639 3216 melius
660 3157 776 3216 homini
790 3157 829 3216 sit
844 3177 863 3215 a
877 3157 923 3214 dis
944 3155 1065 3213 immor-

166 3233 280 3292 talibus
295 3235 409 3295 datnm.
452 3236 586 3296 Divitias
600 3237 654 3296 alii
669 3244 868 3315 praeponunt,
885 3236 993 3295 bonam
1010 3232 1063 3292 alii

166 3312 384 3388 valetudinem,
395 3315 448 3374 alii
464 3317 640 3393 potentiam,
652 3317 706 3376 alii
719 3317 856 3387 honores,
868 3314 957 3374 multi
972 3314 1063 3373 etiam

167 3391 348 3472 voluptates.
399 3394 566 3454 Beluarum
587 3395 644 3454 hoc
665 3395 787 3473 quidem
808 3402 987 3463 extremum,
1008 3391 1065 3450 illa
