2524 3712
399 232 437 279 M.
467 232 633 279 TULLII
662 232 914 282 CICERONIS

248 383 325 447 XX.
348 386 518 448 Senectutis
537 397 638 449 autem
659 389 763 450 nullus
778 399 821 450 est
836 399 934 451 certus
949 391 1103 466 terminus,

176 495 187 517 ι
208 477 347 545 recteque
368 468 400 526 in
421 488 456 526 ea
477 469 603 541 vivitur,
618 470 718 548 quoad
740 491 849 530 munus
869 471 958 530 officii
980 473 1103 552 exsequi

208 556 238 605 ct
252 547 330 605 tucri
345 547 438 638 possis
455 549 657 627 [mortemque
674 551 898 626 contemnere];
921 571 959 610 ex
980 571 1039 630 quo
1060 553 1169 624 fitffsso

209 635 242 685 ut
257 626 419 686 animosior
432 627 524 687 etiam
539 640 676 688 senectus
690 630 730 689 sit
745 649 835 708 quam
853 630 1057 691 adolescentia
1074 640 1104 692 et

175 703 320 766 bfortior.
363 705 433 767 Hoc
458 707 537 766 illud
562 717 615 780 est,
640 709 722 786 quod
749 709 908 769 Pisistrato
933 720 1064 789 tyranno
1084 732 1104 771 a

205 785 316 845 Solone
349 805 524 865 responsum
558 796 612 860 est,
641 809 735 866 quum
771 788 818 848 illi
850 790 1015 868 quaerenti,
1044 811 1104 869 qua

206 866 328 926 tandem
352 887 385 925 re
407 867 501 927 fretus
524 867 582 927 sibi
608 878 671 937 tam
696 869 855 929 audaciter
876 869 1041 942 «latraret,
1061 891 1103 930 re-

204 947 360 1024 spondisse
388 946 501 1007 dicitur
527 947 684 1008 Senectute.
726 948 784 1008 Sed
814 936 937 1009 viv'cudi
965 959 1009 1024 est
1034 950 1103 1009 finis

175 1006 346 1104 'optimus
370 1048 465 1105 quum
500 1027 619 1106 integra
654 1039 753 1089 mente
788 1031 936 1108 certisque
969 1029 1103 1089 sensibus

153 1103 192 1163 10
206 1127 280 1184 opus
302 1109 367 1185 ipsa
387 1129 476 1167 suum
500 1109 615 1180 eadem,
638 1129 715 1189 quae
737 1109 969 1188 coagmentavit,
991 1119 1103 1169 natura

205 1186 350 1247 dissolvit.
393 1187 439 1249 Ut
463 1208 581 1258 navem,
607 1198 642 1248 ut
668 1189 837 1248 aedificium
867 1188 946 1248 idem
975 1188 1103 1249 destruit

206 1266 429 1358 facillimenqui
444 1269 623 1340 construxit,
635 1269 677 1328 sic
694 1269 845 1328 hominem
860 1268 965 1328 eadem
981 1269 1102 1348 optime,
1129 1277 1132 1280 ’

205 1367 283 1424 quae
310 1348 541 1426 conglutinavit,
571 1359 682 1408 natura
716 1348 861 1409 dissolvit.
905 1347 977 1410 darn
1005 1348 1102 1408 omnis

206 1426 426 1504 conglutinatio
448 1449 551 1488 recens
579 1449 675 1506 aegre,
700 1427 869 1487 inveterata
893 1427 984 1487 facile
1007 1427 1102 1489 divel·
1189 1480 1192 1485 .

152 1503 287 1566 151ilur.
317 1507 366 1567 Ita
381 1508 414 1567 fit
429 1517 463 1567 ut
478 1507 556 1567 illud
573 1508 663 1568 breve
680 1508 761 1568 vitae
776 1508 927 1586 reliquum
942 1528 997 1567 nec
1011 1507 1101 1568 avide

204 1588 407 1665 appetendum
428 1588 549 1647 senibus
571 1608 626 1647 nec
648 1588 713 1646 sine
729 1607 820 1647 causa
834 1586 1030 1646 deserendum
1045 1589 1101 1660 sit;

204 1675 348 1746 vetatque
368 1667 559 1746 Pythagoras
582 1669 697 1747 injussu
721 1667 920 1745 imperatoris,
935 1666 967 1726 id
984 1678 1028 1726 est
1042 1667 1101 1740 dei,

204 1745 242 1805 de
270 1747 419 1825 praesidio
446 1756 478 1807 et
503 1747 634 1808 statione
664 1747 745 1807 uitae
777 1747 928 1806 decedere.
983 1747 1102 1807 Solonis

202 1825 324 1904 quidem
339 1827 482 1905 sapientis
497 1837 541 1886 est
552 1822 765 1905 elogiumff'quo
780 1847 811 1886 se
825 1835 916 1906 negat
928 1826 1005 1886 velle
1015 1847 1102 1886 suam

149 1903 330 1966 tomorum
348 1906 452 1966 dolore
470 1908 636 1966 amicorum
652 1917 682 1966 et
698 1906 839 1966 lamentis
854 1926 971 1967 vacare.
1013 1905 1102 1978 Vult,

202 1985 301 2125 cEredo,
316 2007 347 2045 se
368 2007 430 2046 esse
451 2007 555 2046 carum
576 1987 655 2058 suis3
677 1987 729 2046 sed
747 1986 830 2046 haud
851 1987 913 2046 scio
934 2006 974 2048 an
993 1985 1102 2048 melius

233 2087 339 2126 nnrus:

285 2195 365 2307 {Flemo
383 2209 423 2243 me
441 2194 567 2244 lacrumis
586 2195 701 2255 decoret,
722 2211 808 2258 neque
826 2195 922 2245 funera
939 2193 1005 2245 fletu

256 2267 260 2278 “
308 2262 374 2308 aria.

148 2385 186 2445 25
201 2379 271 2440 Non
293 2376 393 2440 censet
413 2380 578 2460 lugendam
600 2401 663 2442 esse
684 2390 822 2452 mortem,
835 2399 926 2459 quam
948 2378 1102 2440 immorta-

201 2460 272 2520 litas
287 2472 495 2539 consequatur.
537 2461 609 2524 Jam
628 2481 731 2521 sensus
747 2460 896 2520 moriendi
915 2459 1025 2537 aliquis
1039 2479 1102 2520 esse

158 2535 171 2549 ’
200 2549 306 2621 potest,
330 2541 413 2618 isque
436 2541 474 2600 ad
499 2542 643 2619 exiguum
668 2552 797 2618 tempus,
822 2538 998 2618 praesertim
1019 2539 1100 2598 seni:

200 2628 268 2699 post
282 2631 408 2680 mortem
424 2622 545 2699 quidem
560 2641 663 2680 sensus
679 2631 733 2680 aut
749 2618 900 2697 optandus
921 2627 975 2678 aut
995 2617 1100 2679 nullus

201 2710 252 2758 est.
295 2700 354 2759 o'ed
369 2701 425 2760 boc
442 2702 621 2759 meditatum
642 2699 681 2758 ab
704 2699 908 2758 adolescentia
925 2697 1014 2757 debet
1030 2717 1101 2772 esse,

147 2782 187 2843 30
201 2791 326 2840 mortem
352 2791 384 2839 nt
409 2782 607 2859 negligamus,
631 2781 695 2839 sine
717 2799 778 2856 qua
802 2778 999 2837 meditatione
1020 2787 1101 2840 tran·

201 2861 298 2939 quillo
326 2861 428 2920 animo
456 2881 518 2920 esse
545 2881 633 2919 nemo
664 2868 777 2936 potest;
810 2857 999 2916 moriendum
1020 2857 1101 2918 euim

201 2950 281 3000 certe
295 2950 348 3011 est,
360 2950 388 2999 et
402 2942 548 2999 {norrun}
565 2961 602 2998 an
616 2941 672 2999 hoc
688 2941 752 3016 ipso
768 2938 825 2997 die.
862 2936 992 2996 Mortem
1008 2937 1102 3014 igitur

200 3021 339 3081 omnibus
354 3021 435 3079 boris
450 3020 673 3098 impendentem
690 3019 797 3079 timeus
814 3017 865 3095 qui
879 3015 989 3094 poterit
1000 3016 1102 3078 animo

146 3136 171 3172 2
201 3101 382 3160 consistere?
423 3099 471 3159 De
487 3119 547 3178 qua
562 3119 622 3159 non
639 3100 682 3158 ita
697 3098 789 3176 longa
804 3095 1010 3176 disputatione
1027 3115 1102 3172 opus

147 3180 186 3240 35
200 3201 262 3240 esse
276 3180 407 3251 videtur,
422 3200 516 3257 quum
538 3178 679 3238 recorder
700 3199 759 3236 non
782 3176 818 3237 L.
843 3177 985 3248 Brutum,
1000 3176 1051 3254 qui
1070 3176 1101 3235 in

200 3259 360 3319 liberanda
373 3258 476 3336 patria
491 3267 534 3318 est
549 3259 733 3328 interfectus,
750 3278 810 3316 non
825 3256 900 3316 duos
916 3255 1034 3325 Decios,
1050 3257 1102 3334 qui

200 3338 238 3399 ad
262 3338 468 3399 voluntariam
491 3349 618 3398 mortem
641 3357 761 3396 cursum
789 3356 934 3414 equorum
958 3337 1102 3395 incitave-

200 3427 281 3491 runt,
302 3439 364 3477 non
386 3417 429 3478 M.
452 3417 596 3489 Atilium,
617 3417 670 3495 qui
693 3416 733 3476 ad
756 3415 943 3495 supplicium
968 3425 1013 3475 est
1036 3435 1102 3493 pro·
