2524 3712
156 177 197 242 58
399 195 436 242 u.
468 195 640 243 runnu
669 195 927 243 oronaoms

249 349 325 410 XX.
348 349 394 410 Ut
412 350 506 428 igitur
521 350 554 422 ii,
569 350 621 428 qui
643 361 714 410 sunt
734 351 766 409 in
787 351 942 412 amicitiae
962 354 1104 433 conjunc·

210 430 359 506 tionisque
373 430 592 489 necessitudine
605 431 781 508 superiores,
796 452 965 510 exaequare
985 453 1017 493 se
1036 454 1108 494 cum

209 509 403 568 inferioribus
430 509 550 581 debent,
572 509 615 570 sic
643 512 798 584 inferiores
825 532 886 570 non
914 512 1017 572 dolere
1037 533 1068 572 se
1088 534 1108 574 a

209 589 270 647 suis
282 597 345 665 'aut
364 588 485 667 ingenio
506 598 560 649 aut
579 590 701 649 fortuna
720 599 774 650 aut
786 590 938 668 'dignitate
952 593 1107 670 superari;

177 668 337 746 liquorum
359 668 495 746 plerique
516 678 570 729 aut
588 679 757 747 queruntur
777 691 894 748 semper
914 671 1030 750 aliquid
1053 683 1108 732 aut

209 749 300 807 etiam
320 747 516 824 exprobrant,
531 768 624 826 eoque
645 750 750 828 magis,
767 750 791 810 si
813 749 925 810 habere
944 771 975 810 se
996 761 1109 830 putant

209 827 290 905 quod
315 827 445 888 officiose
468 836 498 886 et
522 829 619 887 amice
642 838 673 889 et
698 849 767 889 curn
795 828 898 888 labore
926 830 1028 908 aliquo
1053 852 1108 891 suo

209 907 324 966 lactum
339 916 451 984 queant
465 907 578 966 dicere:
612 908 747 968 odiosum
758 929 831 968 sane
841 929 935 987 genus
949 911 1108 970 hominum

209 987 308 1046 officia
332 986 592 1064 exprobrantium,
613 1008 691 1066 quae
712 989 882 1048 meminisse
902 989 992 1049 debet
1016 991 1050 1062 ia,
1075 991 1108 1050 in

158 1068 196 1129 10
210 1087 298 1146 quem
320 1066 433 1127 collata
453 1078 531 1139 suut,
554 1087 614 1127 non
639 1088 873 1128 commemorare
894 1069 946 1147 qui
967 1071 1107 1130 contulit.

210 1145 426 1222 Quamobrem,
442 1155 476 1205 ut
491 1147 522 1219 ii,
538 1148 590 1225 qui
604 1149 770 1225 superiores
784 1158 864 1220 sunt,
879 1149 1056 1209 submittere
1076 1171 1109 1210 se

209 1226 321 1286 debent
342 1227 374 1284 in
397 1227 599 1299 amicitiaeue
619 1227 750 1304 quodam
773 1229 860 1287 modo
882 1229 1036 1288 inferiores
1056 1250 1108 1288 ex·

208 1306 323 1366 tollere.
365 1306 443 1367 Sunt
463 1307 544 1366 enim
565 1307 701 1384 quidam,
722 1308 774 1386 qui
797 1308 936 1368 molestas
957 1309 1108 1369 amicitiae

209 1387 336 1460 faciunt,
357 1408 451 1466 quum
476 1388 533 1465 ipsi
556 1407 588 1447 se
611 1387 763 1447 contemni
788 1396 916 1465 putant3
939 1388 1021 1466 quod
1045 1409 1108 1448 non

158 1467 196 1528 15
210 1467 272 1527 fere
299 1468 448 1546 contingit
475 1467 532 1526 nisi
560 1467 604 1538 iis,
627 1467 679 1545 qui
703 1468 795 1526 etiam
819 1467 1053 1528 contemnendos
1076 1489 1109 1530 se

210 1548 409 1620 arbitrantur,
426 1547 479 1625 qui
501 1547 559 1606 hac
581 1548 722 1626 opinione
742 1568 801 1607 non
824 1548 913 1608 modo
933 1547 1045 1618 verbis,¹
1055 1549 1108 1610 sed

209 1629 302 1688 etiam
327 1650 415 1708 opere
439 1629 562 1688 levandi
586 1638 664 1688 sunt.
707 1627 839 1688 Tantum
867 1639 968 1690 autem
998 1629 1109 1709 cuique

209 1710 414 1783 tribuendum,
439 1711 580 1789 primurn,
603 1721 752 1790 quantum
776 1711 840 1790 ipse
864 1711 980 1770 efficere
1003 1711 1108 1788 possis,

210 1791 320 1850 deinde
340 1792 440 1864 etiam,
455 1802 603 1869 quantum
625 1792 686 1864 ille,
704 1811 793 1871 quem
814 1791 924 1870 diligas
944 1800 1036 1870 atque
1056 1791 1108 1853 ad·

157 1869 196 1930 20
205 1871 302 1950 juves,
312 1872 471 1943 sustiuere;
486 1893 544 1931 non
558 1873 637 1932 enim
648 1893 745 1951 neque
755 1882 788 1932 tu
799 1873 901 1950 possis,
909 1870 1048 1950 quamvis
1057 1890 1107 1930 ex·

211 1953 311 2024 cellas,
327 1973 428 2012 omnes
443 1963 510 2013 tuos
524 1954 563 2013 ad
578 1954 705 2013 honores
719 1952 918 2031 amplissimos
934 1951 1107 2030 perducere,

211 2042 245 2092 ut
265 2032 366 2111 Scipio
388 2033 421 2092 P.
445 2033 604 2112 Rupilium
624 2034 723 2111 potuit
741 2031 894 2092 consulem
909 2031 1034 2103 efficere,
1049 2029 1108 2089 fra-

210 2121 286 2171 trem
302 2114 365 2190 ejus
380 2112 509 2172 Lucium
526 2135 587 2172 non
602 2114 708 2192 potuit.
751 2112 843 2188 Quod
864 2111 889 2170 si
908 2111 998 2170 etiam
1014 2109 1108 2188 possis

210 2191 331 2269 quidvis
346 2193 461 2251 deferre
475 2194 514 2252 ad
529 2194 668 2265 alterum,
679 2192 845 2254 videndum
861 2200 906 2250 est
920 2201 1021 2250 tamen
1032 2189 1108 2268 quid

157 2267 197 2330 25
212 2271 264 2330 ille
278 2272 371 2350 possit
384 2273 538 2332 sustinere.
581 2273 714 2333 Omnino
735 2272 886 2331 amicitiae
908 2269 1108 2330 corroboratis

185 2385 199 2419 ,ι
213 2352 278 2430 jam
291 2352 532 2430 confirmatisque
543 2363 573 2412 et
584 2354 711 2432 ingeniis
722 2361 752 2412 et
762 2351 912 2412 aetatibus
922 2349 1108 2429 judicandae

210 2442 290 2505 sunt,
305 2453 368 2506 nec,
383 2434 407 2493 si
423 2433 474 2511 qui
489 2434 612 2492 ineunte
626 2443 724 2492 aetate
738 2430 870 2492 venandi
885 2439 939 2490 aut
951 2429 1033 2508 pilae
1047 2440 1107 2488 stu·

125 2545 128 2549 ·
210 2513 286 2572 diosi
301 2513 433 2585 fuerunt,
445 2534 493 2573 eos
507 2513 618 2572 habere
633 2512 822 2583 necessarios,
833 2531 908 2589 quos
922 2519 987 2572 tum
1002 2508 1107 2570 eodem

210 2593 310 2653 studio
325 2594 476 2672 praeditos
490 2592 672 2652 dilexerunt.
701 2591 764 2651 Isto
778 2591 859 2650 enim
874 2591 963 2650 inodo
974 2590 1107 2650 nutrices

157 2668 197 2731 30
211 2685 240 2733 et
255 2673 422 2752 paedagogi
440 2673 510 2751 jure
525 2673 682 2733 vetustatis
697 2671 865 2750 plurimum
879 2669 1107 2730 benevolentiae

211 2752 424 2831 postulabunt:
446 2753 498 2830 qui
521 2751 694 2830 negligendi
719 2750 842 2829 quidem
866 2759 1030 2832 uenerint,
1054 2749 1107 2808 sed

210 2833 272 2892 alio
301 2833 430 2910 quodam
461 2832 551 2891 modo
578 2831 791 2891 aestimandi·
821 2828 923 2888 Aliter
954 2829 1107 2888 amicitiae

209 2911 332 2971 stabiles
366 2931 542 2990 permanere
570 2932 630 2971 non
659 2918 791 2989 possunt.
847 2909 992 2986 Dispares
1025 2909 1106 2967 enirn

210 3011 305 3050 mores
328 2991 462 3069 disparia
483 2991 585 3050 studia
609 2999 783 3067 sequuntur,
805 3008 933 3066 quorum
955 2987 1107 3046 dissimili-

157 3068 283 3130 aurudo
298 3070 440 3130 dissociat
454 3070 620 3140 amicitias3
642 3089 697 3128 nec
711 3069 748 3128 ob
764 3069 853 3128 aliam
871 3087 995 3128 causam
1010 3067 1107 3127 ullam

210 3149 281 3206 boni
302 3149 456 3226 improbis,
471 3149 600 3226 improbi
617 3149 701 3208 bonis
715 3148 805 3207 amici
820 3167 956 3208 essenon
973 3157 1106 3225 possunt,

165 3237 170 3266 ³
208 3227 267 3285 nisi
285 3229 364 3305 quod
385 3236 471 3287 tanta
492 3237 536 3286 est
558 3228 635 3285 inter
656 3246 713 3295 eos,
729 3236 845 3303 quanta
859 3227 995 3286 maxima
1009 3236 1107 3304 potest

209 3324 278 3375 esse,
302 3325 419 3364 morum
444 3306 672 3382 studiorumque
697 3305 850 3364 distantia.
894 3305 989 3364 Recte
1013 3306 1104 3364 etiam

207 3384 341 3462 praecipi
356 3391 454 3462 potest
467 3385 500 3442 in
514 3383 665 3455 amicitiis,
679 3403 719 3444 ne
736 3383 829 3442 intem
833 3391 939 3462 perata
955 3383 1104 3462 quaedam
