2524 3712
511 175 725 224 neamus.
1081 155 1123 220 55

110 328 114 333 ’
170 328 387 392 declinandum
408 321 446 392 de
462 332 514 394 via
534 333 582 405 sit,
600 333 690 393 modo
711 353 749 392 ne
771 351 889 392 summa
909 329 1068 409 turpitudo

170 420 328 488 aequatum
356 421 401 471 est
428 413 509 471 enim
530 422 679 490 quatenus
706 413 860 472 amicitiae
886 411 954 470 dari
978 410 1068 471 venia

170 491 271 568 possit.
315 491 346 550 N
347 512 381 551 eo
394 511 466 552 vero
487 491 670 570 negligenda
684 501 728 552 est
742 491 833 562 fama,
848 511 903 550 uec
918 490 1067 549 mediocre

170 567 263 629 telum
292 570 333 629 ad
360 590 407 630 res
432 571 577 649 gerendas
602 571 776 630 existimare
800 579 918 649 oportet
940 569 1066 629 benevo-

170 648 296 708 lentiam
317 651 440 722 civimn,
462 671 554 728 quam
576 651 733 710 blanditiis
754 659 785 710 et
806 649 985 710 assentando
1007 649 1066 708 col·
1101 650 1119 709 5

169 728 263 806 ligere
274 737 363 806 turpe
373 738 434 802 esta
448 731 554 803 virtus,
564 751 657 809 quam
666 731 802 808 sequitur
814 731 932 800 caritas,
943 729 1066 788 minime

169 807 417 884 repudiandaest.
440 808 639 888 Sed-saepe
649 809 730 869 enim
739 809 828 868 redeo
836 809 875 868 ad
885 808 1065 887 Scipionem,

169 888 254 965 cujus
263 888 360 947 omnis
368 909 465 949 sermo
474 899 539 949 erat
548 891 585 948 de
596 887 974 966 amicitia—querebatur,
984 888 1065 966 quod

168 965 307 1027 omnibus
322 967 353 1025 in
368 968 457 1028 rebus
468 969 604 1028 homines
614 969 820 1048 diligentiores
832 977 944 1028 essent:
959 987 1065 1045 capras

168 1056 199 1107 et
213 1067 282 1106 oves
297 1056 370 1125 quot
384 1049 510 1127 quisque
520 1048 646 1108 haberet
657 1049 755 1108 dicere
766 1069 858 1126 posse,
870 1048 981 1107 amicos
992 1055 1066 1124 quot
1080 1047 1119 1107 10

168 1127 293 1186 haberet
307 1148 368 1186 non
382 1149 467 1206 posse
481 1129 597 1200 dicere;
619 1128 694 1188 etin
709 1128 771 1186 illis
785 1128 907 1205 quidem
922 1126 1065 1205 parandis

167 1206 313 1266 adhibere
326 1227 440 1279 curam,
455 1208 488 1266 in
502 1209 607 1268 amicis
621 1207 790 1286 deligendis
804 1206 989 1286 negligentes
1004 1225 1066 1266 esse

167 1306 223 1346 nee
237 1286 348 1346 habere
363 1288 447 1364 quasi
462 1288 549 1366 signa
564 1288 713 1366 quaedam
729 1296 759 1347 et
773 1296 867 1358 notas,
884 1286 992 1365 quibus
1007 1306 1065 1358 eos,

167 1367 221 1444 qui
247 1366 287 1426 ad
316 1367 481 1426 amicitiam
510 1376 606 1427 essent
633 1367 744 1439 idonei,
763 1367 945 1445 judicarent.
987 1365 1068 1426 Sunt

167 1445 261 1524 igitur
282 1445 362 1506 firmi
384 1455 415 1506 et
438 1447 560 1508 stabiles
583 1457 613 1506 et
635 1455 804 1506 constantes
823 1446 964 1525 eligendi,
980 1445 1119 1525 cujus15

133 1597 136 1606 Ι
167 1527 284 1604 generis
308 1535 353 1586 est
374 1547 487 1605 magua
510 1527 647 1606 penuria,
669 1536 699 1586 et
717 1526 856 1605 judicare
877 1525 1000 1585 difficile
1021 1533 1066 1585 est

167 1625 239 1664 sane
252 1605 310 1665 nisi
325 1616 501 1684 expertum3
523 1606 738 1685 experiundum
760 1616 861 1664 autern
883 1614 927 1665 est
947 1604 979 1663 in
999 1605 1065 1684 ipsa

167 1686 320 1757 amicitia;
342 1686 386 1745 ita
406 1688 575 1764 praecurrit
600 1686 735 1746 amicitia
751 1685 903 1764 judicium
923 1684 1065 1763 tollitque

167 1765 344 1843 experiendi
355 1775 541 1844 potestatem.
570 1766 626 1837 Est
640 1766 734 1843 igitur
748 1764 905 1844 prudentis
919 1765 1066 1824 sustinere
1131 1799 1136 1817 -,

167 1853 203 1904 ut
223 1865 353 1917 cursum,
375 1846 418 1905 sie
440 1846 587 1923 impetum
610 1845 847 1917 benevolentiae,
865 1865 924 1923 quo
942 1852 1065 1903 utamur
1080 1843 1134 1903 20³

167 1925 254 2002 quasi
268 1925 351 2002 equis
365 1926 530 2003 temptatis,
544 1926 587 1986 sic
609 1925 754 1996 anricitia,
769 1925 873 2002 aliqua
887 1933 974 2002 parte
988 1925 1064 2002 peri-

168 2003 282 2064 clitatis
297 2005 430 2064 moribus
444 2006 620 2065 amicorum.
664 2005 798 2080 Quidam
820 2025 908 2082 saepe
922 2004 954 2062 iu
969 2023 1065 2082 parva

168 2084 297 2161 pecunia
311 2085 535 2162 perspiciuntur
545 2105 635 2163 quam
647 2085 708 2144 sint
719 2083 807 2156 leves,
818 2085 942 2163 quidam
954 2092 1064 2157 autem,

167 2183 242 2240 quos
251 2183 346 2241 parva
356 2184 475 2225 movere
484 2184 545 2224 non
554 2166 662 2242 potuit,
672 2163 935 2242 cognoscunturin
945 2183 1064 2242 magna.

167 2241 222 2301 Sin
236 2263 308 2303 vero
320 2252 409 2302 erunt
423 2243 520 2321 aliqui
535 2245 654 2322 reperti,
670 2246 722 2322 qui
737 2244 897 2321 pecuniam
912 2247 1065 2321 prael'crre
1079 2243 1119 2302 25

168 2322 321 2382 amicitiae
330 2323 485 2382 sordidum
495 2323 678 2396 existiment,
689 2323 740 2382 ubi
750 2344 799 2382 eos
808 2324 1003 2395 inveniemus
1013 2323 1066 2402 qui

168 2401 303 2474 honores,
326 2404 529 2480 magistratus,
552 2403 689 2482 imperia,
711 2412 880 2481 potestates,
902 2423 971 2480 opes
992 2402 1065 2462 arni-

168 2481 258 2540 eitiae
276 2501 337 2541 non
359 2490 554 2562 anteponant,
569 2492 612 2554 ut,
627 2503 721 2560 quum
736 2503 775 2542 ex
789 2482 887 2542 altera
900 2492 986 2559 parte
999 2503 1065 2559 pro·
1096 2481 1105 2560 l

168 2560 265 2638 posita
286 2562 361 2620 haec
382 2562 451 2634 sint,
467 2582 506 2622 ex
526 2563 623 2622 altera
643 2563 694 2641 jus
716 2561 879 2634 amicitiae,
893 2581 954 2621 non
969 2561 1065 2621 multo

168 2639 225 2699 illa
243 2641 375 2700 malint?
415 2640 577 2702 Imbecilla
597 2643 679 2702 enim
699 2651 743 2701 est
757 2650 868 2700 natura
881 2641 921 2700 ad
936 2651 1065 2701 contem·
1080 2641 1119 2704 30

167 2719 299 2779 neudam
313 2720 479 2798 potentiam
490 2743 497 2793 ;
518 2742 610 2799 quam
630 2721 749 2781 etiamsi
771 2720 909 2799 neglecta
929 2721 1065 2780 amicitia
1157 2715 1169 2736 ⁸

168 2800 321 2858 consecuti
340 2800 411 2872 sint,
425 2801 620 2861 obscuratum
641 2801 680 2859 iri
700 2799 899 2871 arbitrantur,
913 2801 986 2878 quia
1004 2821 1064 2860 non

167 2878 232 2938 siue
242 2879 354 2958 magua
365 2901 456 2940 causa
469 2881 509 2940 sit
522 2881 661 2959 neglecta
671 2880 814 2940 amicitia.
856 2878 965 2958 Itaque
976 2900 1066 2941 verae

167 2958 320 3018 amicitiae
341 2959 522 3018 difficillime
541 2961 735 3038 reperiuntur
752 2960 783 3018 in
801 2959 847 3032 iis,
862 2960 914 3038 qui
929 2960 961 3018 in
975 2959 1067 3020 hono·

168 3037 252 3097 ribus
280 3057 371 3116 reque
398 3038 524 3116 publica
550 3050 719 3099 versantur.
774 3037 838 3100 Ubi
866 3039 947 3098 enim
974 3039 1065 3099 istum
1080 3039 1120 3100 35

168 3116 315 3189 invenias,
330 3118 382 3196 qui
396 3119 540 3177 honorem
554 3118 647 3178 amici
660 3127 825 3196 anteponat
845 3119 929 3178 suol'
961 3118 1067 3194 Quid?

145 3195 244 3261 thaec
258 3205 292 3255 ut
307 3197 455 3269 omittam,
470 3218 562 3275 quam
575 3218 795 3276 graves,qua1n
810 3197 948 3256 difficiles
963 3198 1066 3276 pleris-

167 3294 227 3354 que
237 3275 379 3336 videutur
393 3277 604 3338 calamitatum
617 3278 789 3338 societates!
806 3277 931 3354 adquae
945 3296 1007 3336 non
1021 3285 1067 3337 est
