2524 3712
439 215 555 260 asro
586 215 748 262 arroux.
1058 197 1101 258 33

56 382 58 387 '
144 369 248 430 uidetis
274 369 355 430 ailtil
380 392 438 430 erse
465 373 552 431 morti
579 378 638 429 tam
665 373 759 430 sintile
787 391 875 450 quam
905 389 1044 430 mnium.

143 449 239 528 Atqui
259 449 467 509 dormientium
482 452 577 510 animi
591 453 716 510 manime
738 451 888 510 declarant
909 447 1047 508 diuinita-

144 537 200 588 tem
220 550 323 598 suanm
345 531 436 588 multo
457 532 544 602 euim,
566 551 655 610 quum
676 531 793 590 remissi
814 537 840 589 et
861 530 948 589 liberi
968 535 1046 600 suut,

145 609 461 687 juturaflproapieiuut.
504 611 553 668 Ea
568 631 623 689 quo
638 611 816 686 inlellipltur
830 611 930 688 quales
945 609 1048 687 futuri

98 741 102 749 .
143 689 211 759 siut,
240 709 332 766 quarm
360 709 390 747 ee
419 691 509 766 plane
536 689 664 766 eorporis
691 689 814 747 oirreulie
841 689 1045 748 relaxaverint.
1082 689 1100 748 5

151 767 257 843 Quare,
269 770 296 827 si
310 767 379 826 lraec
392 770 435 826 ita
449 775 524 837 sunt,
535 771 577 827 sie
592 789 635 826 me
650 769 767 839 colitote,
781 769 889 846 inquit,
901 775 934 826 ut
945 767 1047 838 deum,·
1066 808 1068 814 ,

144 851 193 906 eia
207 869 270 906 urta
284 855 324 906 est
338 850 514 908 interiturus
528 850 646 906 artimus
661 869 723 906 curn
740 869 868 925 corpore,
883 869 930 906 uos
952 854 1048 906 tumea

146 927 212 987 deos
228 935 361 1000 verentes,
376 930 428 1007 qui
442 927 517 986 lianc
531 948 643 986 omnem
660 927 914 1008 pulchritudinem
929 934 1048 985 tueretur

146 1014 173 1067 et
186 1014 301 1084 repunt,
317 1009 483 1067 memoriam
498 1008 590 1066 nostri
599 1008 653 1084 pie
668 1009 863 1086 inviolateque
876 1007 1034 1066 servabitis.

186 1087 318 1146 XXIII.
354 1087 452 1166 Cyrus
483 1086 605 1164 quidem
638 1087 713 1146 haec
744 1090 881 1146 moriens.
924 1087 995 1158 Nos,
1023 1088 1044 1144 si
1064 1089 1101 1146 10

146 1167 256 1247 placet,
290 1175 393 1226 nostra
427 1167 593 1228 videamus.
650 1166 748 1226 Neruo
783 1186 927 1244 umquam
963 1165 1046 1236 mihi,

147 1247 258 1324 Scipio,
280 1246 474 1324 persuadebit
498 1256 553 1306 aut
579 1255 693 1324 patrem
720 1255 807 1305 tuum
833 1245 974 1316 Paulum,
995 1255 1048 1304 aut

147 1327 223 1386 duos
237 1346 310 1386 avos
322 1325 452 1384 Paulum
464 1335 494 1385 et
506 1326 699 1398 Africanum,
711 1335 764 1384 aut
775 1325 916 1384 Africani
931 1335 1047 1403 patrem

147 1415 203 1466 aut
230 1417 383 1483 patruum,
412 1413 479 1464 aut¹
497 1406 613 1464 multas
641 1415 827 1484 praestantes
856 1408 945 1476 virae,
974 1425 1048 1483 quos

147 1504 326 1544 enumerare
346 1505 406 1544 non
428 1494 473 1545 est
493 1505 620 1557 necesse,
635 1494 722 1544 tanta
742 1505 803 1544 esse
825 1495 955 1555 conatos,
971 1505 1048 1562 qnae
1064 1487 1101 1544 15

148 1566 188 1626 ad
216 1565 400 1645 posteritatis
429 1565 605 1626 memoriam
633 1565 828 1642 pertinerent,
856 1565 915 1623 nisi
945 1567 1049 1623 animo

149 1655 306 1706 cernerent
328 1645 533 1723 posteritatem
554 1644 593 1703 ad
614 1664 644 1704 se
666 1645 824 1722 pertinere.
867 1643 918 1702 An
938 1663 1047 1715 caussa,

149 1736 184 1785 ut
198 1726 236 1784 de
250 1745 297 1784 me
312 1725 376 1802 ipso
391 1725 507 1802 aliquid
527 1744 608 1784 more
629 1745 732 1783 senum
751 1724 872 1801 glorier,
888 1744 934 1782 me
948 1732 1048 1782 tantos

150 1805 267 1864 labores
289 1805 413 1862 diurnos
433 1815 655 1882 nocturnosque
676 1804 759 1862 dorni
780 1803 968 1880 militiaeque
988 1823 1048 1862 sus-

151 1895 309 1962 cepturum
337 1884 436 1954 luisse,
465 1883 489 1942 si
518 1883 624 1942 iisdem
652 1883 762 1943 finibus
786 1883 915 1960 gloriani
941 1903 1047 1955 meam,
1064 1884 1102 1943 20

151 1963 259 2042 quibus
284 1964 389 2034 vitam,
412 1983 502 2022 essem
525 1963 764 2022 terminaturus?
806 1963 915 2022 Nonne
941 1963 1048 2021 melius

152 2043 246 2102 multo
267 2042 372 2102 fuisset
388 2042 518 2102 otiosam
540 2051 668 2110 aetatem
691 2052 722 2102 et
742 2044 875 2120 quietam
898 2043 962 2101 sine
985 2041 1049 2102 ullo

80 2172 84 2181 .
152 2122 255 2182 labore
279 2132 309 2181 et
333 2124 525 2182 contentione
549 2122 728 2182 traducere?
769 2122 826 2182 Sed
852 2122 950 2181 nescio
978 2142 1048 2199 quo-

152 2202 250 2273 modo,
279 2202 398 2260 animus
426 2203 543 2280 erigens
570 2223 601 2261 se
629 2202 834 2280 posteritatem
862 2203 905 2261 ita
932 2221 1048 2280 semper

153 2281 364 2360 prospiciebat,
392 2283 487 2359 quasi,
515 2302 609 2359 quum
638 2282 811 2341 excessisset
838 2301 854 2340 e
882 2281 954 2354 vita,
983 2292 1047 2340 tum
1064 2284 1102 2344 25

153 2361 283 2439 denique
310 2361 447 2420 victurus
478 2369 561 2420 esset.
617 2361 709 2437 Quod
728 2361 858 2439 ¹quidem
887 2362 919 2419 ni
947 2362 991 2420 ita
1017 2381 1049 2420 se

152 2440 286 2512 haberet,
312 2450 347 2502 ut
375 2440 469 2500 animi
497 2441 683 2500 immortales
707 2451 813 2512 essent,
835 2441 917 2500 baud
942 2441 1048 2518 optimi

154 2522 299 2598 cujusque
315 2521 434 2578 animus
454 2520 587 2579 maxime
608 2521 646 2579 ad
668 2520 905 2579 immortalitatis
919 2520 1048 2597 gloriam
1127 2587 1128 2590 Ἰ

153 2601 308 2658 niteretur.
351 2599 443 2675 Quid,
455 2600 536 2677 quod
550 2601 785 2677 sapientissimus
796 2601 921 2678 quisque
936 2601 1048 2678 aequis·

153 2680 227 2737 simo
240 2681 340 2737 animo
353 2680 489 2751 meritur,
500 2679 692 2738 stultissimus
704 2681 912 2756 iniquissimo?
940 2680 1048 2739 Nonne
1064 2685 1102 2744 30

154 2758 239 2818 vobis
254 2759 374 2818 videtur
395 2760 420 2817 is
441 2759 568 2829 animae,
586 2761 638 2837 qui
660 2759 728 2836 plus
750 2769 853 2818 cernat
872 2769 902 2818 et
921 2759 1048 2837 longius,

154 2837 257 2897 videre
284 2858 315 2898 se
346 2838 385 2897 ad
414 2839 539 2898 meliora
573 2838 737 2916 proficisci;
773 2839 825 2898 ille
859 2849 969 2910 autern,
998 2841 1047 2897 eui

154 2916 288 2977 obtusior
315 2919 354 2976 sit
381 2919 468 2988 acics,
496 2938 556 2976 non
585 2917 708 2976 videre?
762 2917 911 2996 Equidem
944 2919 1049 2976 efferor

154 2997 254 3056 strutio
276 3007 376 3074 patres
397 3008 519 3067 vestine,
542 3017 615 3074 quos
636 2996 716 3055 colui
738 3008 767 3055 et
789 2998 893 3069 dilexi,
909 2998 1048 3070 videndi;

155 3095 251 3152 neque
279 3097 349 3135 vero
377 3097 426 3136 eus
454 3077 550 3135 solum
580 3077 740 3136 convenire
767 3098 850 3148 uvea,
879 3098 952 3154 quas
987 3079 1050 3154 ipse
1064 3081 1103 3140 35

155 3156 290 3232 cognati,
306 3156 356 3214 sed
375 3156 443 3213 ilia
462 3158 562 3226 etiam,
578 3156 616 3214 de
633 3156 742 3233 quibus
763 3157 868 3216 audivi
889 3166 919 3215 et
940 3157 999 3233 legi
1020 3166 1055 3226 et

155 3235 217 3310 ipsc
232 3235 402 3312 coriscripsi⁴
446 3237 516 3310 Quo
528 3235 647 3312 quidem
658 3255 705 3293 me
716 3235 950 3312 proficiscentem
967 3237 1049 3294 haud

154 3334 224 3388 sanc
238 3315 305 3390 quis
323 3314 411 3372 facin
430 3315 599 3384 retraxerit,
615 3334 669 3371 nec
691 3325 847 3390 tamquam
868 3315 983 3372 Parium
1010 3337 1049 3372 re-

138 3395 288 3474 ¹coxerit;
309 3393 384 3451 etsi
407 3393 474 3470 quis
495 3393 568 3451 deus
592 3392 668 3448 milri
693 3391 849 3466 largiatur,
874 3404 904 3449 ut
929 3413 967 3447 ex
993 3393 1049 3450 hac

254 3491 368 3540 3-010.
383 3491 415 3538 de
429 3491 455 3538 S.
