<?xml version="1.0" encoding="UTF-8"?>
<!DOCTYPE html PUBLIC "-//W3C//DTD XHTML 1.0 Transitional//EN"
    "http://www.w3.org/TR/xhtml1/DTD/xhtml1-transitional.dtd">
<html xmlns="http://www.w3.org/1999/xhtml" xml:lang="en" lang="en">
 <head>
  <title>
</title>
<meta http-equiv="Content-Type" content="text/html;charset=utf-8" />
  <meta name='ocr-system' content='tesseract 3.04.00' />
  <meta name='ocr-capabilities' content='ocr_page ocr_carea ocr_par ocr_line ocrx_word'/>
</head>
<body>
  <div class='ocr_page' id='page_1' title='image "./mtulliiciceroni00richgoog_0041.png"; bbox 0 0 2524 3712; ppageno 0'>
   <div class='ocr_carea' id='block_1_1' title="bbox 922 25 1067 218">
    <p class='ocr_par' dir='ltr' id='par_1_1' title="bbox 922 25 1067 218">
     <span class='ocr_line' id='line_1_1' title="bbox 922 25 1067 218; baseline 0 -48"><span class='ocrx_word' id='word_1_1' title='bbox 922 25 1067 218; x_wconf 53' lang='lat' dir='ltr'>fise</span> 
     </span>
    </p>
   </div>
   <div class='ocr_carea' id='block_1_2' title="bbox 508 196 1118 291">
    <p class='ocr_par' dir='ltr' id='par_1_2' title="bbox 508 196 1118 291">
     <span class='ocr_line' id='line_1_2' title="bbox 508 196 1118 291; baseline -0.005 -26"><span class='ocrx_word' id='word_1_2' title='bbox 508 217 726 291; x_wconf 69' lang='lat' dir='ltr'>neamus.</span> <span class='ocrx_word' id='word_1_3' title='bbox 1077 196 1118 262; x_wconf 87' lang='grc'>37</span> 
     </span>
    </p>
   </div>
   <div class='ocr_carea' id='block_1_3' title="bbox 73 373 1160 3492">
    <p class='ocr_par' dir='ltr' id='par_1_3' title="bbox 164 373 1160 1815">
     <span class='ocr_line' id='line_1_3' title="bbox 164 373 1065 457; baseline -0.006 -18"><span class='ocrx_word' id='word_1_4' title='bbox 164 375 299 457; x_wconf 89' lang='lat' dir='ltr'>quodam</span> <span class='ocrx_word' id='word_1_5' title='bbox 323 376 430 450; x_wconf 89' lang='lat' dir='ltr'>modo;</span> <span class='ocrx_word' id='word_1_6' title='bbox 455 375 585 449; x_wconf 87' lang='lat' dir='ltr'>Acilius,</span> <span class='ocrx_word' id='word_1_7' title='bbox 610 376 683 455; x_wconf 90' lang='lat' dir='ltr'>quia</span> <span class='ocrx_word' id='word_1_8' title='bbox 706 373 839 454; x_wconf 89' lang='lat' dir='ltr'>prudens</span> <span class='ocrx_word' id='word_1_9' title='bbox 863 393 925 434; x_wconf 88' lang='lat' dir='ltr'>esse</span> <span class='ocrx_word' id='word_1_10' title='bbox 946 373 1065 453; x_wconf 90' lang='lat' dir='ltr'>injure</span> 
     </span>
     <span class='ocr_line' id='line_1_4' title="bbox 165 456 1064 536; baseline -0.004 -18"><span class='ocrx_word' id='word_1_11' title='bbox 165 457 252 519; x_wconf 88' lang='lat' dir='ltr'>civili</span> <span class='ocrx_word' id='word_1_12' title='bbox 274 458 448 536; x_wconf 88' lang='lat' dir='ltr'>putabatur,</span> <span class='ocrx_word' id='word_1_13' title='bbox 468 456 554 528; x_wconf 86' lang='lat' dir='ltr'>Oato,</span> <span class='ocrx_word' id='word_1_14' title='bbox 573 457 646 535; x_wconf 88' lang='lat' dir='ltr'>quia</span> <span class='ocrx_word' id='word_1_15' title='bbox 666 456 832 516; x_wconf 88' lang='lat' dir='ltr'>multarum</span> <span class='ocrx_word' id='word_1_16' title='bbox 853 475 955 516; x_wconf 86' lang='lat' dir='ltr'>rerum</span> <span class='ocrx_word' id='word_1_17' title='bbox 976 475 1064 514; x_wconf 91' lang='lat' dir='ltr'>usum</span> 
     </span>
     <span class='ocr_line' id='line_1_5' title="bbox 165 533 1064 616; baseline -0.004 -19"><span class='ocrx_word' id='word_1_18' title='bbox 165 536 316 597; x_wconf 89' lang='lat' dir='ltr'>habebat:</span> <span class='ocrx_word' id='word_1_19' title='bbox 342 537 440 596; x_wconf 89' lang='lat' dir='ltr'>multa</span> <span class='ocrx_word' id='word_1_20' title='bbox 467 537 530 616; x_wconf 89' lang='lat' dir='ltr'>ejus</span> <span class='ocrx_word' id='word_1_21' title='bbox 558 547 588 595; x_wconf 93' lang='lat' dir='ltr'>et</span> <span class='ocrx_word' id='word_1_22' title='bbox 614 537 648 595; x_wconf 92' lang='lat' dir='ltr'>in</span> <span class='ocrx_word' id='word_1_23' title='bbox 674 545 779 595; x_wconf 88' lang='lat' dir='ltr'>senatu</span> <span class='ocrx_word' id='word_1_24' title='bbox 807 543 838 594; x_wconf 89' lang='lat' dir='ltr'>et</span> <span class='ocrx_word' id='word_1_25' title='bbox 865 535 897 594; x_wconf 91' lang='lat' dir='ltr'>in</span> <span class='ocrx_word' id='word_1_26' title='bbox 925 536 990 595; x_wconf 85' lang='lat' dir='ltr'>foro</span> <span class='ocrx_word' id='word_1_27' title='bbox 1014 533 1064 596; x_wconf 93' lang='lat' dir='ltr'>vel</span> 
     </span>
     <span class='ocr_line' id='line_1_6' title="bbox 166 614 1064 696; baseline -0.002 -20"><span class='ocrx_word' id='word_1_28' title='bbox 166 618 289 696; x_wconf 85' lang='lat' dir='ltr'>provisa</span> <span class='ocrx_word' id='word_1_29' title='bbox 309 617 476 694; x_wconf 83' lang='lat' dir='ltr'>prudenter</span> <span class='ocrx_word' id='word_1_30' title='bbox 495 616 544 676; x_wconf 91' lang='lat' dir='ltr'>vel</span> <span class='ocrx_word' id='word_1_31' title='bbox 566 626 636 675; x_wconf 87' lang='lat' dir='ltr'>acta</span> <span class='ocrx_word' id='word_1_32' title='bbox 656 623 828 676; x_wconf 84' lang='lat' dir='ltr'><strong>constanter</strong></span> <span class='ocrx_word' id='word_1_33' title='bbox 848 614 898 676; x_wconf 86' lang='lat' dir='ltr'>vel</span> <span class='ocrx_word' id='word_1_34' title='bbox 922 635 1064 693; x_wconf 90' lang='lat' dir='ltr'>responsa</span> 
     </span>
     <span class='ocr_line' id='line_1_7' title="bbox 168 692 1117 774; baseline -0.005 -18"><span class='ocrx_word' id='word_1_35' title='bbox 168 706 257 756; x_wconf 87' lang='lat' dir='ltr'>acute</span> <span class='ocrx_word' id='word_1_36' title='bbox 284 696 475 768; x_wconf 83' lang='lat' dir='ltr'>ferebantur;</span> <span class='ocrx_word' id='word_1_37' title='bbox 510 705 670 774; x_wconf 80' lang='lat' dir='ltr'>propterea</span> <span class='ocrx_word' id='word_1_38' title='bbox 695 696 782 774; x_wconf 83' lang='lat' dir='ltr'>quasi</span> <span class='ocrx_word' id='word_1_39' title='bbox 809 715 975 774; x_wconf 84' lang='lat' dir='ltr'>cognomen</span> <span class='ocrx_word' id='word_1_40' title='bbox 998 695 1064 774; x_wconf 90' lang='lat' dir='ltr'>jam</span> <span class='ocrx_word' id='word_1_41' title='bbox 1098 692 1117 751; x_wconf 87' lang='lat'>5</span> 
     </span>
     <span class='ocr_line' id='line_1_8' title="bbox 167 774 1063 853; baseline -0.001 -18"><span class='ocrx_word' id='word_1_42' title='bbox 167 776 301 836; x_wconf 86' lang='lat' dir='ltr'>habebat</span> <span class='ocrx_word' id='word_1_43' title='bbox 315 777 346 834; x_wconf 92' lang='lat' dir='ltr'>in</span> <span class='ocrx_word' id='word_1_44' title='bbox 361 784 514 838; x_wconf 79' lang='lat' dir='ltr'>senectute</span> <span class='ocrx_word' id='word_1_45' title='bbox 528 775 681 853; x_wconf 87' lang='lat' dir='ltr'>sapientis.</span> <span class='ocrx_word' id='word_1_46' title='bbox 723 775 766 834; x_wconf 86' lang='lat' dir='ltr'>Te</span> <span class='ocrx_word' id='word_1_47' title='bbox 787 784 888 838; x_wconf 80' lang='lat' dir='ltr'>autem</span> <span class='ocrx_word' id='word_1_48' title='bbox 910 774 971 834; x_wconf 91' lang='lat' dir='ltr'>alio</span> <span class='ocrx_word' id='word_1_49' title='bbox 992 796 1063 853; x_wconf 89' lang='lat' dir='ltr'>quo-</span> 
     </span>
     <span class='ocr_line' id='line_1_9' title="bbox 168 855 1145 928; baseline -0.004 -12"><span class='ocrx_word' id='word_1_50' title='bbox 168 857 240 916; x_wconf 89' lang='lat' dir='ltr'>dam</span> <span class='ocrx_word' id='word_1_51' title='bbox 264 857 362 928; x_wconf 88' lang='lat' dir='ltr'>modo,</span> <span class='ocrx_word' id='word_1_52' title='bbox 387 875 448 915; x_wconf 92' lang='lat' dir='ltr'>non</span> <span class='ocrx_word' id='word_1_53' title='bbox 476 855 573 915; x_wconf 88' lang='lat' dir='ltr'>solum</span> <span class='ocrx_word' id='word_1_54' title='bbox 601 867 712 914; x_wconf 81' lang='lat' dir='ltr'>natura</span> <span class='ocrx_word' id='word_1_55' title='bbox 736 864 767 915; x_wconf 91' lang='lat' dir='ltr'>et</span> <span class='ocrx_word' id='word_1_56' title='bbox 790 855 932 927; x_wconf 86' lang='lat' dir='ltr'>moribus,</span> <span class='ocrx_word' id='word_1_57' title='bbox 957 875 1062 915; x_wconf 88' lang='lat' dir='ltr'>verum</span> <span class='ocrx_word' id='word_1_58' title='bbox 1143 889 1145 894; x_wconf 68' lang='lat'>,</span> 
     </span>
     <span class='ocr_line' id='line_1_10' title="bbox 168 935 1160 1013; baseline -0.002 -17"><span class='ocrx_word' id='word_1_59' title='bbox 168 937 268 996; x_wconf 81' lang='lat' dir='ltr'>etiam</span> <span class='ocrx_word' id='word_1_60' title='bbox 283 936 386 1012; x_wconf 81' lang='lat' dir='ltr'>studio</span> <span class='ocrx_word' id='word_1_61' title='bbox 407 944 439 996; x_wconf 84' lang='lat' dir='ltr'>et</span> <span class='ocrx_word' id='word_1_62' title='bbox 456 935 612 996; x_wconf 83' lang='lat' dir='ltr'>doctrina·</span> <span class='ocrx_word' id='word_1_63' title='bbox 628 955 689 995; x_wconf 89' lang='lat' dir='ltr'>esse</span> <span class='ocrx_word' id='word_1_64' title='bbox 713 935 889 1013; x_wconf 84' lang='lat' dir='ltr'>sapientem,</span> <span class='ocrx_word' id='word_1_65' title='bbox 910 955 965 994; x_wconf 90' lang='lat' dir='ltr'>nec</span> <span class='ocrx_word' id='word_1_66' title='bbox 985 935 1064 994; x_wconf 89' lang='lat' dir='ltr'>sicut</span> <span class='ocrx_word' id='word_1_67' title='bbox 1124 963 1131 970; x_wconf 90' lang='lat'><strong>·</strong></span> <span class='ocrx_word' id='word_1_68' title='bbox 1157 994 1160 1000; x_wconf 75' lang='grc'>,</span> 
     </span>
     <span class='ocr_line' id='line_1_11' title="bbox 168 1015 1061 1094; baseline -0.003 -19"><span class='ocrx_word' id='word_1_69' title='bbox 168 1015 288 1094; x_wconf 83' lang='lat' dir='ltr'>vulgus,</span> <span class='ocrx_word' id='word_1_70' title='bbox 313 1015 363 1074; x_wconf 92' lang='lat' dir='ltr'>sed</span> <span class='ocrx_word' id='word_1_71' title='bbox 389 1023 424 1075; x_wconf 91' lang='lat' dir='ltr'>ut</span> <span class='ocrx_word' id='word_1_72' title='bbox 447 1015 560 1075; x_wconf 88' lang='lat' dir='ltr'>eruditi</span> <span class='ocrx_word' id='word_1_73' title='bbox 586 1015 684 1075; x_wconf 81' lang='lat' dir='ltr'>solent</span> <span class='ocrx_word' id='word_1_74' title='bbox 708 1015 863 1094; x_wconf 88' lang='lat' dir='ltr'>appellare</span> <span class='ocrx_word' id='word_1_75' title='bbox 887 1015 1061 1093; x_wconf 83' lang='lat' dir='ltr'>sapientem,</span> 
     </span>
     <span class='ocr_line' id='line_1_12' title="bbox 170 1092 1118 1175; baseline -0.001 -21"><span class='ocrx_word' id='word_1_76' title='bbox 170 1095 291 1174; x_wconf 88' lang='lat' dir='ltr'>qualem</span> <span class='ocrx_word' id='word_1_77' title='bbox 326 1096 358 1154; x_wconf 91' lang='lat' dir='ltr'>iu</span> <span class='ocrx_word' id='word_1_78' title='bbox 389 1095 508 1175; x_wconf 55' lang='lat' dir='ltr'>reliqua</span> <span class='ocrx_word' id='word_1_79' title='bbox 534 1094 665 1156; x_wconf 81' lang='lat' dir='ltr'>Graecia</span> <span class='ocrx_word' id='word_1_80' title='bbox 699 1095 982 1154; x_wconf 87' lang='lat' dir='ltr'>neminem-nam</span> <span class='ocrx_word' id='word_1_81' title='bbox 1011 1095 1064 1172; x_wconf 92' lang='lat' dir='ltr'>qui</span> <span class='ocrx_word' id='word_1_82' title='bbox 1078 1092 1118 1153; x_wconf 90' lang='lat'>10</span> 
     </span>
     <span class='ocr_line' id='line_1_13' title="bbox 168 1173 1063 1268; baseline -0.001 -33"><span class='ocrx_word' id='word_1_83' title='bbox 168 1186 282 1268; x_wconf 62' lang='lat' dir='ltr'>septem</span> <span class='ocrx_word' id='word_1_84' title='bbox 289 1175 502 1258; x_wconf 79' lang='lat' dir='ltr'>appellantur,</span> <span class='ocrx_word' id='word_1_85' title='bbox 516 1195 574 1250; x_wconf 77' lang='lat' dir='ltr'>eoS,</span> <span class='ocrx_word' id='word_1_86' title='bbox 590 1176 642 1255; x_wconf 90' lang='lat' dir='ltr'>qui</span> <span class='ocrx_word' id='word_1_87' title='bbox 663 1175 722 1234; x_wconf 89' lang='lat' dir='ltr'>ista</span> <span class='ocrx_word' id='word_1_88' title='bbox 742 1173 887 1242; x_wconf 74' lang='lat' dir='ltr'>subtilius</span> <span class='ocrx_word' id='word_1_89' title='bbox 904 1185 1063 1253; x_wconf 88' lang='lat' dir='ltr'>quaerunt,</span> 
     </span>
     <span class='ocr_line' id='line_1_14' title="bbox 170 1249 1064 1336; baseline 0 -22"><span class='ocrx_word' id='word_1_90' title='bbox 170 1275 203 1314; x_wconf 83' lang='lat'>111</span> <span class='ocrx_word' id='word_1_91' title='bbox 217 1276 341 1314; x_wconf 86' lang='lat' dir='ltr'>numero</span> <span class='ocrx_word' id='word_1_92' title='bbox 352 1251 540 1336; x_wconf 69' lang='lat' dir='ltr'>&#39;sapientium</span> <span class='ocrx_word' id='word_1_93' title='bbox 560 1275 622 1314; x_wconf 91' lang='lat' dir='ltr'>non</span> <span class='ocrx_word' id='word_1_94' title='bbox 643 1255 766 1327; x_wconf 89' lang='lat' dir='ltr'>habent,</span> <span class='ocrx_word' id='word_1_95' title='bbox 775 1249 954 1322; x_wconf 45' lang='lat' dir='ltr'>{Athenis</span> <span class='ocrx_word' id='word_1_96' title='bbox 968 1274 1064 1314; x_wconf 91' lang='lat' dir='ltr'>unum</span> 
     </span>
     <span class='ocr_line' id='line_1_15' title="bbox 170 1333 1109 1414; baseline -0.002 -20"><span class='ocrx_word' id='word_1_97' title='bbox 170 1335 340 1414; x_wconf 85' lang='lat' dir='ltr'>accepimus</span> <span class='ocrx_word' id='word_1_98' title='bbox 359 1344 390 1396; x_wconf 88' lang='lat' dir='ltr'>et</span> <span class='ocrx_word' id='word_1_99' title='bbox 409 1355 478 1395; x_wconf 87' lang='lat' dir='ltr'>eum</span> <span class='ocrx_word' id='word_1_100' title='bbox 503 1335 625 1414; x_wconf 89' lang='lat' dir='ltr'>quidem</span> <span class='ocrx_word' id='word_1_101' title='bbox 649 1335 741 1395; x_wconf 88' lang='lat' dir='ltr'>etiam</span> <span class='ocrx_word' id='word_1_102' title='bbox 762 1333 919 1413; x_wconf 85' lang='lat' dir='ltr'>Apollinis</span> <span class='ocrx_word' id='word_1_103' title='bbox 940 1333 1064 1394; x_wconf 88' lang='lat' dir='ltr'>oraculo</span> <span class='ocrx_word' id='word_1_104' title='bbox 1107 1383 1109 1412; x_wconf 61' lang='lat'><em>3</em></span> 
     </span>
     <span class='ocr_line' id='line_1_16' title="bbox 169 1414 1154 1495; baseline -0.007 -20"><span class='ocrx_word' id='word_1_105' title='bbox 169 1415 423 1493; x_wconf 86' lang='lat' dir='ltr'>sapientissimum</span> <span class='ocrx_word' id='word_1_106' title='bbox 433 1415 604 1495; x_wconf 85' lang='lat' dir='ltr'>judicatum</span> <span class='ocrx_word' id='word_1_107' title='bbox 616 1436 623 1486; x_wconf 90' lang='grc'>;</span> <span class='ocrx_word' id='word_1_108' title='bbox 637 1415 717 1474; x_wconf 88' lang='lat' dir='ltr'>hanc</span> <span class='ocrx_word' id='word_1_109' title='bbox 728 1435 789 1475; x_wconf 89' lang='lat' dir='ltr'>esse</span> <span class='ocrx_word' id='word_1_110' title='bbox 801 1416 832 1473; x_wconf 91' lang='lat' dir='ltr'>in</span> <span class='ocrx_word' id='word_1_111' title='bbox 844 1425 873 1474; x_wconf 85' lang='lat' dir='ltr'>te</span> <span class='ocrx_word' id='word_1_112' title='bbox 884 1414 1071 1492; x_wconf 61' lang='lat' dir='ltr'>sapientiam*</span> <span class='ocrx_word' id='word_1_113' title='bbox 1139 1438 1154 1468; x_wconf 71' lang='lat' dir='ltr'>a</span> 
     </span>
     <span class='ocr_line' id='line_1_17' title="bbox 170 1491 1119 1574; baseline -0.003 -19"><span class='ocrx_word' id='word_1_114' title='bbox 170 1496 354 1567; x_wconf 87' lang='lat' dir='ltr'>existimant,</span> <span class='ocrx_word' id='word_1_115' title='bbox 380 1505 414 1555; x_wconf 88' lang='lat' dir='ltr'>ut</span> <span class='ocrx_word' id='word_1_116' title='bbox 438 1496 541 1554; x_wconf 90' lang='lat' dir='ltr'>omnia</span> <span class='ocrx_word' id='word_1_117' title='bbox 568 1505 623 1554; x_wconf 89' lang='lat' dir='ltr'>tua</span> <span class='ocrx_word' id='word_1_118' title='bbox 646 1496 679 1554; x_wconf 91' lang='lat' dir='ltr'>in</span> <span class='ocrx_word' id='word_1_119' title='bbox 703 1504 734 1556; x_wconf 87' lang='lat' dir='ltr'>te</span> <span class='ocrx_word' id='word_1_120' title='bbox 757 1496 855 1574; x_wconf 85' lang='lat' dir='ltr'>posita</span> <span class='ocrx_word' id='word_1_121' title='bbox 882 1515 944 1554; x_wconf 86' lang='lat' dir='ltr'>esse</span> <span class='ocrx_word' id='word_1_122' title='bbox 971 1494 1002 1553; x_wconf 80' lang='lat' dir='ltr'>dr</span> <span class='ocrx_word' id='word_1_123' title='bbox 1028 1491 1119 1553; x_wconf 83' lang='lat' dir='ltr'>as15</span> 
     </span>
     <span class='ocr_line' id='line_1_18' title="bbox 170 1573 1065 1654; baseline -0.001 -20"><span class='ocrx_word' id='word_1_124' title='bbox 170 1575 377 1654; x_wconf 88' lang='lat' dir='ltr'>humanosque</span> <span class='ocrx_word' id='word_1_125' title='bbox 398 1596 484 1635; x_wconf 87' lang='lat' dir='ltr'>casus</span> <span class='ocrx_word' id='word_1_126' title='bbox 505 1576 620 1636; x_wconf 89' lang='lat' dir='ltr'>virtute</span> <span class='ocrx_word' id='word_1_127' title='bbox 641 1575 797 1636; x_wconf 83' lang='lat' dir='ltr'>inferiores</span> <span class='ocrx_word' id='word_1_128' title='bbox 818 1583 913 1653; x_wconf 85' lang='lat' dir='ltr'>putes.</span> <span class='ocrx_word' id='word_1_129' title='bbox 955 1573 971 1634; x_wconf 93' lang='lat' dir='ltr'>I</span> <span class='ocrx_word' id='word_1_130' title='bbox 1029 1595 1065 1633; x_wconf 88' lang='lat' dir='ltr'>ue</span> 
     </span>
     <span class='ocr_line' id='line_1_19' title="bbox 170 1655 1064 1734; baseline 0 -21"><span class='ocrx_word' id='word_1_131' title='bbox 170 1675 209 1714; x_wconf 83' lang='lat' dir='ltr'>ex</span> <span class='ocrx_word' id='word_1_132' title='bbox 221 1675 268 1714; x_wconf 91' lang='lat' dir='ltr'>me</span> <span class='ocrx_word' id='word_1_133' title='bbox 279 1664 438 1734; x_wconf 87' lang='lat' dir='ltr'>quaerunt,</span> <span class='ocrx_word' id='word_1_134' title='bbox 450 1655 539 1716; x_wconf 90' lang='lat' dir='ltr'>credo</span> <span class='ocrx_word' id='word_1_135' title='bbox 554 1675 592 1714; x_wconf 88' lang='lat' dir='ltr'>ex</span> <span class='ocrx_word' id='word_1_136' title='bbox 607 1655 664 1716; x_wconf 86' lang='lat' dir='ltr'>hoc</span> <span class='ocrx_word' id='word_1_137' title='bbox 678 1655 751 1714; x_wconf 85' lang='lat' dir='ltr'>item</span> <span class='ocrx_word' id='word_1_138' title='bbox 766 1655 919 1726; x_wconf 82' lang='lat' dir='ltr'>Scaevola,</span> <span class='ocrx_word' id='word_1_139' title='bbox 932 1675 972 1733; x_wconf 95' lang='lat' dir='ltr'>qu</span> <span class='ocrx_word' id='word_1_140' title='bbox 1015 1675 1064 1713; x_wconf 91' lang='lat' dir='ltr'>am</span> 
     </span>
     <span class='ocr_line' id='line_1_20' title="bbox 171 1735 1066 1815; baseline 0 -21"><span class='ocrx_word' id='word_1_141' title='bbox 171 1745 259 1815; x_wconf 85' lang='lat' dir='ltr'>puoto</span> <span class='ocrx_word' id='word_1_142' title='bbox 289 1744 417 1796; x_wconf 89' lang='lat' dir='ltr'>mortem</span> <span class='ocrx_word' id='word_1_143' title='bbox 444 1735 588 1795; x_wconf 84' lang='lat' dir='ltr'>Africani</span> <span class='ocrx_word' id='word_1_144' title='bbox 613 1735 701 1807; x_wconf 85' lang='lat' dir='ltr'>feras,</span> <span class='ocrx_word' id='word_1_145' title='bbox 730 1755 823 1812; x_wconf 90' lang='lat' dir='ltr'>eoque</span> <span class='ocrx_word' id='word_1_146' title='bbox 851 1735 956 1812; x_wconf 80' lang='lat' dir='ltr'>magis,</span> <span class='ocrx_word' id='word_1_147' title='bbox 1008 1735 1066 1794; x_wconf 92' lang='lat' dir='ltr'>uod</span> 
     </span>
    </p>

    <p class='ocr_par' dir='ltr' id='par_1_4' title="bbox 110 1814 1120 2054">
     <span class='ocr_line' id='line_1_21' title="bbox 110 1814 1066 1894; baseline -0.006 -16"><span class='ocrx_word' id='word_1_148' title='bbox 110 1859 118 1878; x_wconf 49' lang='lat' dir='ltr'>a</span> <span class='ocrx_word' id='word_1_149' title='bbox 170 1815 319 1894; x_wconf 78' lang='lat' dir='ltr'>proximis</span> <span class='ocrx_word' id='word_1_150' title='bbox 340 1815 445 1889; x_wconf 89' lang='lat' dir='ltr'>Nonis,</span> <span class='ocrx_word' id='word_1_151' title='bbox 468 1836 563 1894; x_wconf 92' lang='lat' dir='ltr'>quum</span> <span class='ocrx_word' id='word_1_152' title='bbox 587 1815 619 1874; x_wconf 91' lang='lat' dir='ltr'>in</span> <span class='ocrx_word' id='word_1_153' title='bbox 645 1815 748 1874; x_wconf 90' lang='lat' dir='ltr'>hortos</span> <span class='ocrx_word' id='word_1_154' title='bbox 768 1814 807 1874; x_wconf 92' lang='lat' dir='ltr'>D.</span> <span class='ocrx_word' id='word_1_155' title='bbox 830 1814 919 1875; x_wconf 85' lang='lat' dir='ltr'>Bruti</span> <span class='ocrx_word' id='word_1_156' title='bbox 941 1816 1066 1892; x_wconf 77' lang='lat' dir='ltr'>auguris</span> 
     </span>
     <span class='ocr_line' id='line_1_22' title="bbox 171 1893 1120 1966; baseline -0.002 -11"><span class='ocrx_word' id='word_1_157' title='bbox 171 1896 392 1955; x_wconf 88' lang='lat' dir='ltr'>commentandi</span> <span class='ocrx_word' id='word_1_158' title='bbox 416 1917 516 1958; x_wconf 82' lang='lat' dir='ltr'>causa,</span> <span class='ocrx_word' id='word_1_159' title='bbox 539 1905 573 1954; x_wconf 92' lang='lat' dir='ltr'>ut</span> <span class='ocrx_word' id='word_1_160' title='bbox 593 1895 710 1966; x_wconf 87' lang='lat' dir='ltr'>assolet,</span> <span class='ocrx_word' id='word_1_161' title='bbox 732 1895 924 1966; x_wconf 89' lang='lat' dir='ltr'>venissemus,</span> <span class='ocrx_word' id='word_1_162' title='bbox 945 1903 980 1954; x_wconf 88' lang='lat' dir='ltr'>tu</span> <span class='ocrx_word' id='word_1_163' title='bbox 1005 1915 1064 1954; x_wconf 91' lang='lat' dir='ltr'>non</span> <span class='ocrx_word' id='word_1_164' title='bbox 1080 1893 1120 1953; x_wconf 84' lang='lat'>20</span> 
     </span>
     <span class='ocr_line' id='line_1_23' title="bbox 171 1973 1066 2054; baseline 0.001 -21"><span class='ocrx_word' id='word_1_165' title='bbox 171 1975 292 2045; x_wconf 84' lang='lat' dir='ltr'>affuisti,</span> <span class='ocrx_word' id='word_1_166' title='bbox 304 1976 356 2052; x_wconf 90' lang='lat' dir='ltr'>qui</span> <span class='ocrx_word' id='word_1_167' title='bbox 372 1975 600 2054; x_wconf 80' lang='lat' dir='ltr'>diligentissime</span> <span class='ocrx_word' id='word_1_168' title='bbox 615 1994 731 2054; x_wconf 88' lang='lat' dir='ltr'>semper</span> <span class='ocrx_word' id='word_1_169' title='bbox 745 1974 833 2033; x_wconf 90' lang='lat' dir='ltr'>illum</span> <span class='ocrx_word' id='word_1_170' title='bbox 848 1975 928 2034; x_wconf 87' lang='lat' dir='ltr'>diem</span> <span class='ocrx_word' id='word_1_171' title='bbox 942 1983 973 2034; x_wconf 89' lang='lat' dir='ltr'>et</span> <span class='ocrx_word' id='word_1_172' title='bbox 986 1973 1066 2034; x_wconf 90' lang='lat' dir='ltr'>illud</span> 
     </span>
    </p>

    <p class='ocr_par' dir='ltr' id='par_1_5' title="bbox 139 2055 1067 2213">
     <span class='ocr_line' id='line_1_24' title="bbox 139 2055 984 2136; baseline -0.001 -21"><span class='ocrx_word' id='word_1_173' title='bbox 139 2107 142 2115; x_wconf 96' lang='lat'>.</span> <span class='ocrx_word' id='word_1_174' title='bbox 171 2055 609 2136; x_wconf 56' lang='lat' dir='ltr'>munussolitnsessesobires</span> <span class='ocrx_word' id='word_1_175' title='bbox 946 2103 984 2114; x_wconf 63' lang='lat'>„.</span> 
     </span>
     <span class='ocr_line' id='line_1_25' title="bbox 211 2133 1067 2213; baseline 0.002 -19"><span class='ocrx_word' id='word_1_176' title='bbox 211 2133 395 2194; x_wconf 71' lang='lat' dir='ltr'>Sclavona.</span> <span class='ocrx_word' id='word_1_177' title='bbox 418 2135 578 2210; x_wconf 74' lang='lat' dir='ltr'>Quaerunt</span> <span class='ocrx_word' id='word_1_178' title='bbox 598 2134 730 2213; x_wconf 88' lang='lat' dir='ltr'>quidem,</span> <span class='ocrx_word' id='word_1_179' title='bbox 748 2134 782 2196; x_wconf 79' lang='lat' dir='ltr'>O.</span> <span class='ocrx_word' id='word_1_180' title='bbox 806 2135 902 2207; x_wconf 86' lang='lat' dir='ltr'>Laeli,</span> <span class='ocrx_word' id='word_1_181' title='bbox 917 2136 1016 2210; x_wconf 81' lang='lat' dir='ltr'>multi,</span> <span class='ocrx_word' id='word_1_182' title='bbox 1031 2144 1067 2196; x_wconf 90' lang='lat' dir='ltr'>ut</span> 
     </span>
    </p>

    <p class='ocr_par' dir='ltr' id='par_1_6' title="bbox 171 2213 1065 2294">
     <span class='ocr_line' id='line_1_26' title="bbox 171 2213 1065 2294; baseline 0 -20"><span class='ocrx_word' id='word_1_183' title='bbox 171 2223 216 2274; x_wconf 85' lang='lat' dir='ltr'>est</span> <span class='ocrx_word' id='word_1_184' title='bbox 239 2235 258 2273; x_wconf 93' lang='lat' dir='ltr'>a</span> <span class='ocrx_word' id='word_1_185' title='bbox 283 2213 402 2274; x_wconf 88' lang='lat' dir='ltr'>Fannio</span> <span class='ocrx_word' id='word_1_186' title='bbox 427 2215 562 2286; x_wconf 84' lang='lat' dir='ltr'>diotum3</span> <span class='ocrx_word' id='word_1_187' title='bbox 583 2217 634 2274; x_wconf 89' lang='lat' dir='ltr'>sed</span> <span class='ocrx_word' id='word_1_188' title='bbox 658 2235 713 2294; x_wconf 82' lang='lat' dir='ltr'>ego</span> <span class='ocrx_word' id='word_1_189' title='bbox 735 2217 768 2276; x_wconf 92' lang='lat' dir='ltr'>id</span> <span class='ocrx_word' id='word_1_190' title='bbox 791 2216 963 2294; x_wconf 88' lang='lat' dir='ltr'>responde0,</span> <span class='ocrx_word' id='word_1_191' title='bbox 986 2216 1065 2294; x_wconf 89' lang='lat' dir='ltr'>quod</span> 
     </span>
    </p>

    <p class='ocr_par' dir='ltr' id='par_1_7' title="bbox 117 2294 1121 2754">
     <span class='ocr_line' id='line_1_27' title="bbox 117 2294 1120 2374; baseline -0.001 -20"><span class='ocrx_word' id='word_1_192' title='bbox 117 2335 120 2340; x_wconf 86' lang='lat'><em>-</em></span> <span class='ocrx_word' id='word_1_193' title='bbox 171 2295 306 2354; x_wconf 89' lang='lat' dir='ltr'>animum</span> <span class='ocrx_word' id='word_1_194' title='bbox 329 2295 456 2366; x_wconf 84' lang='lat' dir='ltr'>adverti,</span> <span class='ocrx_word' id='word_1_195' title='bbox 478 2304 508 2354; x_wconf 90' lang='lat' dir='ltr'>te</span> <span class='ocrx_word' id='word_1_196' title='bbox 529 2294 673 2367; x_wconf 87' lang='lat' dir='ltr'>dolorem,</span> <span class='ocrx_word' id='word_1_197' title='bbox 691 2317 780 2374; x_wconf 90' lang='lat' dir='ltr'>quem</span> <span class='ocrx_word' id='word_1_198' title='bbox 801 2297 951 2374; x_wconf 90' lang='lat' dir='ltr'>acceperis</span> <span class='ocrx_word' id='word_1_199' title='bbox 973 2317 1065 2374; x_wconf 89' lang='lat' dir='ltr'>quum</span> <span class='ocrx_word' id='word_1_200' title='bbox 1082 2294 1120 2354; x_wconf 82' lang='lat'>25</span> 
     </span>
     <span class='ocr_line' id='line_1_28' title="bbox 170 2375 1066 2448; baseline 0 -14"><span class='ocrx_word' id='word_1_201' title='bbox 170 2375 280 2434; x_wconf 86' lang='lat' dir='ltr'>summi</span> <span class='ocrx_word' id='word_1_202' title='bbox 303 2375 363 2436; x_wconf 88' lang='lat' dir='ltr'>viri</span> <span class='ocrx_word' id='word_1_203' title='bbox 387 2383 453 2435; x_wconf 86' lang='lat' dir='ltr'>t&#39;um</span> <span class='ocrx_word' id='word_1_204' title='bbox 478 2375 652 2434; x_wconf 85' lang='lat' dir='ltr'>amicissimi</span> <span class='ocrx_word' id='word_1_205' title='bbox 676 2387 782 2447; x_wconf 88' lang='lat' dir='ltr'>morte,</span> <span class='ocrx_word' id='word_1_206' title='bbox 803 2375 882 2435; x_wconf 89' lang='lat' dir='ltr'>ferre</span> <span class='ocrx_word' id='word_1_207' title='bbox 903 2375 1066 2448; x_wconf 88' lang='lat' dir='ltr'>moderate,</span> 
     </span>
     <span class='ocr_line' id='line_1_29' title="bbox 170 2455 1067 2532; baseline -0.001 -18"><span class='ocrx_word' id='word_1_208' title='bbox 170 2475 226 2514; x_wconf 90' lang='lat' dir='ltr'>nec</span> <span class='ocrx_word' id='word_1_209' title='bbox 241 2455 371 2532; x_wconf 86' lang='lat' dir='ltr'>potuisse</span> <span class='ocrx_word' id='word_1_210' title='bbox 386 2476 446 2514; x_wconf 92' lang='lat' dir='ltr'>non</span> <span class='ocrx_word' id='word_1_211' title='bbox 461 2456 643 2515; x_wconf 86' lang='lat' dir='ltr'>commoveri</span> <span class='ocrx_word' id='word_1_212' title='bbox 655 2476 710 2515; x_wconf 92' lang='lat' dir='ltr'>nec</span> <span class='ocrx_word' id='word_1_213' title='bbox 722 2455 814 2514; x_wconf 83' lang='lat' dir='ltr'>fuisse</span> <span class='ocrx_word' id='word_1_214' title='bbox 825 2455 855 2513; x_wconf 94' lang='lat' dir='ltr'>id</span> <span class='ocrx_word' id='word_1_215' title='bbox 868 2455 1067 2515; x_wconf 87' lang='lat' dir='ltr'>humanitatis</span> 
     </span>
     <span class='ocr_line' id='line_1_30' title="bbox 171 2534 1067 2624; baseline -0.002 -28"><span class='ocrx_word' id='word_1_216' title='bbox 171 2545 258 2605; x_wconf 90' lang='lat' dir='ltr'>tuae;</span> <span class='ocrx_word' id='word_1_217' title='bbox 280 2535 360 2613; x_wconf 91' lang='lat' dir='ltr'>quod</span> <span class='ocrx_word' id='word_1_218' title='bbox 376 2545 477 2594; x_wconf 89' lang='lat' dir='ltr'>autem</span> <span class='ocrx_word' id='word_1_219' title='bbox 499 2534 595 2594; x_wconf 92' lang='lat' dir='ltr'>Nonis</span> <span class='ocrx_word' id='word_1_220' title='bbox 611 2535 642 2594; x_wconf 92' lang='lat' dir='ltr'>in</span> <span class='ocrx_word' id='word_1_221' title='bbox 664 2535 791 2624; x_wconf 61' lang='lat' dir='ltr'>coll-egio</span> <span class='ocrx_word' id='word_1_222' title='bbox 802 2544 904 2595; x_wconf 88' lang='lat' dir='ltr'>nostro</span> <span class='ocrx_word' id='word_1_223' title='bbox 918 2555 979 2594; x_wconf 90' lang='lat' dir='ltr'>non</span> <span class='ocrx_word' id='word_1_224' title='bbox 994 2537 1067 2594; x_wconf 78' lang='lat' dir='ltr'>ann-</span> 
     </span>
     <span class='ocr_line' id='line_1_31' title="bbox 171 2614 1067 2694; baseline -0.001 -21"><span class='ocrx_word' id='word_1_225' title='bbox 171 2615 242 2674; x_wconf 88' lang='lat' dir='ltr'>isses</span> <span class='ocrx_word' id='word_1_226' title='bbox 255 2614 463 2675; x_wconf 85' lang='lat' dir='ltr'>valetudinem</span> <span class='ocrx_word' id='word_1_227' title='bbox 484 2615 649 2694; x_wconf 85' lang='lat' dir='ltr'>respondeo</span> <span class='ocrx_word' id='word_1_228' title='bbox 663 2635 795 2688; x_wconf 87' lang='lat' dir='ltr'>causam,</span> <span class='ocrx_word' id='word_1_229' title='bbox 809 2635 871 2675; x_wconf 91' lang='lat' dir='ltr'>non</span> <span class='ocrx_word' id='word_1_230' title='bbox 885 2614 1067 2674; x_wconf 85' lang='lat' dir='ltr'>maestitiam</span> 
     </span>
     <span class='ocr_line' id='line_1_32' title="bbox 170 2694 1121 2754; baseline 0.001 -1"><span class='ocrx_word' id='word_1_231' title='bbox 170 2694 269 2754; x_wconf 88' lang='lat' dir='ltr'>fuisse.</span> <span class='ocrx_word' id='word_1_232' title='bbox 1083 2695 1121 2754; x_wconf 87' lang='grc'>30</span> 
     </span>
    </p>

    <p class='ocr_par' dir='ltr' id='par_1_8' title="bbox 73 2774 1129 3332">
     <span class='ocr_line' id='line_1_33' title="bbox 197 2774 1129 2855; baseline -0.001 -21"><span class='ocrx_word' id='word_1_233' title='bbox 197 2774 367 2835; x_wconf 68' lang='lat' dir='ltr'>‘Laeana</span> <span class='ocrx_word' id='word_1_234' title='bbox 390 2775 484 2844; x_wconf 85' lang='lat' dir='ltr'>Recte</span> <span class='ocrx_word' id='word_1_235' title='bbox 497 2783 532 2836; x_wconf 92' lang='lat' dir='ltr'>tu</span> <span class='ocrx_word' id='word_1_236' title='bbox 545 2776 678 2855; x_wconf 91' lang='lat' dir='ltr'>quidem,</span> <span class='ocrx_word' id='word_1_237' title='bbox 693 2775 847 2850; x_wconf 83' lang='lat' dir='ltr'>Scaevola,</span> <span class='ocrx_word' id='word_1_238' title='bbox 864 2784 893 2836; x_wconf 93' lang='lat' dir='ltr'>et</span> <span class='ocrx_word' id='word_1_239' title='bbox 907 2795 991 2836; x_wconf 87' lang='lat' dir='ltr'>vere:</span> <span class='ocrx_word' id='word_1_240' title='bbox 1012 2795 1067 2834; x_wconf 90' lang='lat' dir='ltr'>nec</span> <span class='ocrx_word' id='word_1_241' title='bbox 1126 2847 1129 2852; x_wconf 23' lang='grc' dir='ltr'>Ι</span> 
     </span>
     <span class='ocr_line' id='line_1_34' title="bbox 172 2855 1068 2934; baseline 0.001 -21"><span class='ocrx_word' id='word_1_242' title='bbox 172 2855 250 2914; x_wconf 89' lang='lat' dir='ltr'>enim</span> <span class='ocrx_word' id='word_1_243' title='bbox 263 2855 302 2914; x_wconf 91' lang='lat' dir='ltr'>ab</span> <span class='ocrx_word' id='word_1_244' title='bbox 314 2856 370 2914; x_wconf 86' lang='lat' dir='ltr'>isto</span> <span class='ocrx_word' id='word_1_245' title='bbox 383 2857 488 2927; x_wconf 85' lang='lat' dir='ltr'>officio,</span> <span class='ocrx_word' id='word_1_246' title='bbox 499 2857 579 2934; x_wconf 91' lang='lat' dir='ltr'>quod</span> <span class='ocrx_word' id='word_1_247' title='bbox 590 2877 707 2934; x_wconf 88' lang='lat' dir='ltr'>sempor</span> <span class='ocrx_word' id='word_1_248' title='bbox 717 2858 870 2934; x_wconf 83' lang='lat' dir='ltr'>usurpavi,</span> <span class='ocrx_word' id='word_1_249' title='bbox 882 2877 977 2934; x_wconf 91' lang='lat' dir='ltr'>quum</span> <span class='ocrx_word' id='word_1_250' title='bbox 987 2855 1068 2915; x_wconf 88' lang='lat' dir='ltr'>vale-</span> 
     </span>
     <span class='ocr_line' id='line_1_35' title="bbox 172 2933 1068 3006; baseline 0.002 -14"><span class='ocrx_word' id='word_1_251' title='bbox 172 2953 245 3006; x_wconf 89' lang='lat' dir='ltr'>rem,</span> <span class='ocrx_word' id='word_1_252' title='bbox 256 2933 366 2994; x_wconf 89' lang='lat' dir='ltr'>abduci</span> <span class='ocrx_word' id='word_1_253' title='bbox 381 2936 570 2995; x_wconf 87' lang='lat' dir='ltr'>incommodo</span> <span class='ocrx_word' id='word_1_254' title='bbox 582 2957 648 2994; x_wconf 91' lang='lat' dir='ltr'>meo</span> <span class='ocrx_word' id='word_1_255' title='bbox 660 2937 759 3006; x_wconf 92' lang='lat' dir='ltr'>debui,</span> <span class='ocrx_word' id='word_1_256' title='bbox 770 2957 824 2996; x_wconf 91' lang='lat' dir='ltr'>nec</span> <span class='ocrx_word' id='word_1_257' title='bbox 834 2936 897 2995; x_wconf 91' lang='lat' dir='ltr'>ullo</span> <span class='ocrx_word' id='word_1_258' title='bbox 910 2957 978 2995; x_wconf 88' lang='lat' dir='ltr'>casu</span> <span class='ocrx_word' id='word_1_259' title='bbox 990 2935 1068 2994; x_wconf 87' lang='lat' dir='ltr'>arbi·</span> 
     </span>
     <span class='ocr_line' id='line_1_36' title="bbox 172 3014 1068 3093; baseline 0 -20"><span class='ocrx_word' id='word_1_260' title='bbox 172 3023 235 3074; x_wconf 89' lang='lat' dir='ltr'>tror</span> <span class='ocrx_word' id='word_1_261' title='bbox 250 3015 306 3074; x_wconf 90' lang='lat' dir='ltr'>hoe</span> <span class='ocrx_word' id='word_1_262' title='bbox 321 3017 471 3074; x_wconf 87' lang='lat' dir='ltr'>constanti</span> <span class='ocrx_word' id='word_1_263' title='bbox 485 3016 602 3075; x_wconf 89' lang='lat' dir='ltr'>homini</span> <span class='ocrx_word' id='word_1_264' title='bbox 614 3036 697 3093; x_wconf 86' lang='lat' dir='ltr'>posse</span> <span class='ocrx_word' id='word_1_265' title='bbox 712 3016 894 3093; x_wconf 84' lang='lat' dir='ltr'>contingere,</span> <span class='ocrx_word' id='word_1_266' title='bbox 907 3014 1068 3076; x_wconf 87' lang='lat' dir='ltr'>utullain·</span> 
     </span>
     <span class='ocr_line' id='line_1_37' title="bbox 172 3095 1121 3173; baseline 0.002 -21"><span class='ocrx_word' id='word_1_267' title='bbox 172 3095 318 3152; x_wconf 84' lang='lat' dir='ltr'>termissio</span> <span class='ocrx_word' id='word_1_268' title='bbox 328 3096 381 3156; x_wconf 87' lang='lat' dir='ltr'>fiat</span> <span class='ocrx_word' id='word_1_269' title='bbox 392 3095 490 3154; x_wconf 90' lang='lat' dir='ltr'>officii.</span> <span class='ocrx_word' id='word_1_270' title='bbox 526 3095 572 3154; x_wconf 88' lang='lat' dir='ltr'>Tu</span> <span class='ocrx_word' id='word_1_271' title='bbox 584 3107 695 3167; x_wconf 88' lang='lat' dir='ltr'>autem,</span> <span class='ocrx_word' id='word_1_272' title='bbox 706 3095 815 3166; x_wconf 87' lang='lat' dir='ltr'>Fanni,</span> <span class='ocrx_word' id='word_1_273' title='bbox 827 3095 908 3173; x_wconf 91' lang='lat' dir='ltr'>qnod</span> <span class='ocrx_word' id='word_1_274' title='bbox 919 3095 992 3154; x_wconf 88' lang='lat' dir='ltr'>mihi</span> <span class='ocrx_word' id='word_1_275' title='bbox 1003 3104 1068 3154; x_wconf 69' lang='lat' dir='ltr'>tan«</span> <span class='ocrx_word' id='word_1_276' title='bbox 1082 3095 1121 3154; x_wconf 83' lang='lat'>35</span> 
     </span>
     <span class='ocr_line' id='line_1_38' title="bbox 171 3173 1067 3253; baseline 0.002 -21"><span class='ocrx_word' id='word_1_277' title='bbox 171 3182 237 3233; x_wconf 88' lang='lat' dir='ltr'>tum</span> <span class='ocrx_word' id='word_1_278' title='bbox 248 3173 343 3232; x_wconf 87' lang='lat' dir='ltr'>tribui</span> <span class='ocrx_word' id='word_1_279' title='bbox 352 3174 436 3246; x_wconf 89' lang='lat' dir='ltr'>dicis,</span> <span class='ocrx_word' id='word_1_280' title='bbox 446 3185 595 3252; x_wconf 85' lang='lat' dir='ltr'>qnantum</span> <span class='ocrx_word' id='word_1_281' title='bbox 606 3196 661 3252; x_wconf 85' lang='lat' dir='ltr'>ego</span> <span class='ocrx_word' id='word_1_282' title='bbox 672 3195 727 3234; x_wconf 90' lang='lat' dir='ltr'>nec</span> <span class='ocrx_word' id='word_1_283' title='bbox 736 3195 864 3253; x_wconf 85' lang='lat' dir='ltr'>agnosco</span> <span class='ocrx_word' id='word_1_284' title='bbox 873 3195 928 3234; x_wconf 92' lang='lat' dir='ltr'>nec</span> <span class='ocrx_word' id='word_1_285' title='bbox 960 3175 1067 3248; x_wconf 71' lang='lat' dir='ltr'>ustula</span> 
     </span>
     <span class='ocr_line' id='line_1_39' title="bbox 73 3196 1068 3332; baseline 0.003 -21"><span class='ocrx_word' id='word_1_286' title='bbox 73 3293 79 3303; x_wconf 75' lang='lat'>,</span> <span class='ocrx_word' id='word_1_287' title='bbox 171 3253 246 3312; x_wconf 84' lang='lat' dir='ltr'>facis</span> <span class='ocrx_word' id='word_1_288' title='bbox 261 3253 357 3313; x_wconf 85' lang='lat' dir='ltr'>amice</span> <span class='ocrx_word' id='word_1_289' title='bbox 366 3275 373 3325; x_wconf 94' lang='lat'>;</span> <span class='ocrx_word' id='word_1_290' title='bbox 388 3254 448 3325; x_wconf 88' lang='lat' dir='ltr'>sed,</span> <span class='ocrx_word' id='word_1_291' title='bbox 459 3263 493 3313; x_wconf 89' lang='lat' dir='ltr'>ut</span> <span class='ocrx_word' id='word_1_292' title='bbox 507 3255 582 3312; x_wconf 89' lang='lat' dir='ltr'>mihi</span> <span class='ocrx_word' id='word_1_293' title='bbox 599 3255 718 3326; x_wconf 88' lang='lat' dir='ltr'>videris,</span> <span class='ocrx_word' id='word_1_294' title='bbox 731 3275 790 3313; x_wconf 90' lang='lat' dir='ltr'>non</span> <span class='ocrx_word' id='word_1_295' title='bbox 805 3265 885 3313; x_wconf 88' lang='lat' dir='ltr'>recte</span> <span class='ocrx_word' id='word_1_296' title='bbox 895 3196 1015 3332; x_wconf 82' lang='lat' dir='ltr'>judicas</span> <span class='ocrx_word' id='word_1_297' title='bbox 1030 3254 1068 3314; x_wconf 87' lang='lat' dir='ltr'>de</span> 
     </span>
    </p>

    <p class='ocr_par' dir='ltr' id='par_1_9' title="bbox 170 3331 1130 3492">
     <span class='ocr_line' id='line_1_40' title="bbox 171 3331 1130 3412; baseline -0.003 -18"><span class='ocrx_word' id='word_1_298' title='bbox 171 3331 294 3394; x_wconf 84' lang='lat' dir='ltr'>Catone.</span> <span class='ocrx_word' id='word_1_299' title='bbox 309 3332 788 3412; x_wconf 87' lang='lat' dir='ltr'>Autenimnemo,quodquidem</span> <span class='ocrx_word' id='word_1_300' title='bbox 797 3333 1068 3410; x_wconf 85' lang='lat' dir='ltr'>magiseredo,aut,</span> <span class='ocrx_word' id='word_1_301' title='bbox 1113 3359 1130 3399; x_wconf 46' lang='lat' dir='ltr'>‚r</span> 
     </span>
     <span class='ocr_line' id='line_1_41' title="bbox 170 3409 1067 3492; baseline -0.002 -20"><span class='ocrx_word' id='word_1_302' title='bbox 170 3411 197 3472; x_wconf 83' lang='lat' dir='ltr'>si</span> <span class='ocrx_word' id='word_1_303' title='bbox 208 3413 378 3492; x_wconf 87' lang='lat' dir='ltr'>quisquam,</span> <span class='ocrx_word' id='word_1_304' title='bbox 390 3411 443 3473; x_wconf 89' lang='lat' dir='ltr'>ille</span> <span class='ocrx_word' id='word_1_305' title='bbox 456 3413 575 3492; x_wconf 87' lang='lat' dir='ltr'>sapiens</span> <span class='ocrx_word' id='word_1_306' title='bbox 586 3413 653 3472; x_wconf 87' lang='lat' dir='ltr'>fuit.</span> <span class='ocrx_word' id='word_1_307' title='bbox 683 3410 853 3488; x_wconf 72' lang='lat' dir='ltr'>Quomodo,</span> <span class='ocrx_word' id='word_1_308' title='bbox 864 3419 899 3470; x_wconf 87' lang='lat' dir='ltr'>ut</span> <span class='ocrx_word' id='word_1_309' title='bbox 909 3409 1067 3470; x_wconf 81' lang='lat' dir='ltr'>aliaomit·</span> 
     </span>
    </p>
   </div>
   <div class='ocr_carea' id='block_1_4' title="bbox 0 0 1273 3712">
    <p class='ocr_par' dir='ltr' id='par_1_10' title="bbox 0 0 1273 3712">
     <span class='ocr_line' id='line_1_42' title="bbox 0 0 1273 3712; baseline 0 0"><span class='ocrx_word' id='word_1_310' title='bbox 0 0 1273 3712; x_wconf 95' lang='lat' dir='ltr'> </span> 
     </span>
    </p>
   </div>
  </div>
 </body>
</html>
