2524 3712
146 161 191 226 42
388 179 425 228 nr.
456 180 624 228 runnu
654 182 909 230 crosnosrs

200 343 302 395 autem
316 335 470 414 superiora
484 336 601 397 caduca
614 346 644 398 et
658 337 783 410 incerta,
798 339 897 418 posita
912 361 973 400 non
988 349 1052 401 tam
1067 342 1100 402 in

200 415 333 474 consiliis
354 416 463 474 nostris
485 436 576 493 quam
599 418 630 476 in
652 418 791 478 fortunae
816 420 994 480 temeritate.
1038 423 1101 498 Qui

200 507 301 554 autem
321 495 353 553 in
367 495 481 554 virtute
499 515 650 555 summum
671 497 781 556 bonurn
803 509 930 577 ponunt,
946 503 1101 579 praeclare

200 573 248 632 illi
262 574 401 652 quidem;
423 575 475 634 sed
490 575 564 634 haec
580 576 645 653 ipsa
658 577 756 637 virtus
777 579 942 640 amicitiam
958 589 988 640 et
1002 582 1102 660 gignit

166 654 185 713 5
199 665 229 714 et
244 654 387 726 eontinet,
401 673 457 713 nec
471 654 536 714 siue
550 657 663 715 virtute
686 657 822 717 amicitia
844 679 904 718 esse
925 659 990 720 ullo
1011 671 1100 739 pacto

199 743 304 812 potest.
346 733 417 794 Jam
446 735 591 795 virtutem
620 756 659 795 ex
689 739 907 799 consuetudine
934 740 1016 801 vitae
1043 761 1101 800 ser·

199 815 355 894 monisque
375 814 469 874 nostri
491 815 725 893 interpretemur
748 839 803 878 nec
825 840 902 893 earn,
920 828 956 879 ut
976 820 1100 897 quidam

199 895 290 968 docti,
319 895 480 956 verborum
512 895 739 974 magnificentia
770 900 932 960 metiamur
960 901 1100 978 virosque

199 977 291 1037 bonos
302 997 360 1048 eos,
370 977 422 1054 qui
436 975 596 1048 habentur,
608 997 809 1054 numeremus,
825 980 947 1052 Paulos,
962 978 1100 1052 Catones,

146 1058 185 1118 10
200 1057 303 1130 Gelos,
317 1056 482 1135 Scipiones,
498 1056 620 1117 Philos:
636 1057 683 1116 his
699 1060 867 1120 communis
882 1060 946 1121 vita
960 1067 1101 1120 contenta

198 1147 250 1209 est,
265 1159 314 1198 eos
335 1147 437 1198 autem
460 1137 643 1211 omittamus,
666 1140 718 1218 qui
743 1141 866 1200 omnino
887 1158 1036 1217 nusquam
1056 1160 1101 1199 re-

198 1219 365 1297 periuntur.
407 1217 496 1278 Tales
519 1218 613 1297 igitur
637 1219 716 1278 inter
738 1220 819 1280 viros
843 1219 979 1281 amicitia
999 1219 1120 1280 tantas

198 1300 438 1378 opportunitates
452 1299 553 1372 habet,
567 1308 695 1377 quantas
707 1300 763 1360 vix
775 1321 851 1378 queo
866 1301 973 1360 dicere.
1016 1297 1101 1358 Prin-

198 1379 286 1457 cipio,
302 1381 354 1458 qui
369 1388 465 1457 potest
485 1399 546 1439 esse
561 1381 626 1440 vita
641 1379 753 1452 vitalis,
770 1389 805 1439 ut
820 1380 864 1440 ait
878 1379 1006 1452 Ennius,
1021 1398 1100 1456 quae

145 1457 183 1518 15
198 1478 259 1518 nun
273 1459 306 1518 in
320 1459 410 1518 amici
424 1469 532 1518 mutua
547 1457 758 1520 benevolentia
771 1460 975 1537 conquiescit?
1016 1457 1101 1534 Quid

198 1538 316 1599 dulcius
331 1559 422 1618 quam
438 1539 551 1599 habere
567 1540 690 1617 quicum
709 1540 811 1600 omnia
826 1539 937 1598 audeas
955 1539 998 1600 sic
1015 1537 1100 1616 loqui

198 1627 233 1678 ut
259 1625 380 1679 tecum?
422 1620 484 1696 Qui
513 1628 588 1679 esset
617 1627 720 1679 tantus
750 1619 866 1679 fruetus
893 1619 924 1677 in
953 1618 1101 1698 prosperis

198 1699 295 1772 rebus,
307 1700 365 1760 nisi
375 1700 501 1760 haberes
511 1699 563 1778 qui
575 1699 637 1758 illis
653 1720 748 1778 aeque
763 1720 799 1758 ac
814 1709 847 1758 tu
863 1699 924 1774 ipse
937 1699 1101 1778 gauderet?

198 1778 351 1840 Adversas
373 1801 443 1842 vero
465 1781 543 1840 ferre
566 1779 688 1838 difficile
712 1788 788 1839 esset
808 1779 871 1839 sine
892 1799 936 1851 eo,
957 1778 1009 1856 qui
1030 1777 1100 1836 illas

145 1860 185 1919 20
197 1860 321 1937 gravius
336 1861 428 1920 etiam
442 1880 535 1938 quam
550 1868 584 1919 tu
600 1860 699 1919 ferret.
745 1859 885 1937 Denique
907 1867 1023 1918 ceterae
1043 1877 1100 1929 ree,

198 1959 275 2016 quae
289 1950 482 2018 expetuntur,
495 1949 683 2018 opportunae
699 1947 770 1999 sunt
784 1937 923 2016 singulae
937 1937 1025 1997 rebus
1039 1937 1102 1996 fere

198 2019 340 2097 singulis:
362 2021 497 2092 divitiae,
510 2030 545 2078 ut
559 2029 659 2090 utare;
684 2039 762 2097 opes,
778 2027 813 2078 ut
827 2019 944 2089 colare;
965 2017 1100 2088 honores,

198 2108 233 2158 ut
260 2099 400 2172 laudere3
432 2100 613 2178 voluptates),
643 2108 677 2158 ut
705 2099 856 2178 gaudeas;
886 2097 1038 2168 valetud0,
1066 2106 1101 2156 ut

199 2178 301 2238 dolore
317 2199 419 2240 careas
429 2189 458 2238 et
473 2178 647 2238 muneribus
660 2180 789 2256 fungare
800 2177 950 2256 corporis:
965 2175 1101 2237 amicitia

145 2259 184 2319 25
199 2278 244 2318 res
258 2258 405 2337 plurimas
420 2260 570 2332 continet;
593 2279 712 2338 quoquo
728 2267 758 2318 te
773 2259 899 2318 verteris
914 2266 1032 2335 praesto
1047 2264 1100 2328 est,

198 2338 284 2398 nullo
304 2340 371 2400 loco
391 2340 575 2411 excluditur,
592 2359 761 2416 numquam
777 2337 1001 2415 intempestiva,
1015 2355 1101 2396 num·

199 2439 290 2497 quam
314 2421 439 2480 molesta
463 2430 523 2492 est3
552 2419 654 2498 itaque
679 2438 740 2477 non
766 2438 855 2496 aqua,
880 2437 941 2475 non
966 2415 1039 2494 igni,
1065 2424 1100 2474 ut

199 2499 294 2572 aiunt,
310 2500 382 2562 locis
397 2501 536 2580 pluribus
558 2500 673 2559 utimur
692 2519 783 2576 quarn
806 2497 951 2556 amicitia.
992 2495 1100 2574 Neque

199 2600 254 2658 ego
274 2601 356 2640 nunc
377 2582 414 2640 de
435 2580 557 2659 vulgari
581 2588 635 2640 aut
660 2579 699 2638 de
723 2578 875 2650 mediocri,
897 2595 975 2654 quae
998 2584 1100 2634 tamen

146 2659 185 2720 30
199 2660 264 2738 ipsa
285 2669 316 2721 et
336 2661 467 2722 delectat
488 2669 518 2720 et
538 2661 668 2740 prodest,
691 2659 743 2720 sed
765 2658 803 2717 de
823 2677 896 2718 vera
916 2663 947 2716 et
966 2655 1100 2733 perfecta
1182 2725 1185 2730 1

199 2740 314 2818 loquor,
340 2741 437 2820 qualis
466 2762 579 2814 eorum,
602 2741 655 2818 qui
684 2738 775 2818 pauci
805 2737 1010 2808 nominantur,
1031 2733 1099 2794 fuit.

199 2819 280 2880 Nam
295 2831 325 2880 et
342 2822 488 2882 secundas
509 2842 555 2880 res
575 2819 794 2898 splendidiores
817 2817 891 2876 facit
911 2814 1101 2887 amicitiast
1186 2835 1194 2849 ·

200 2900 350 2974 adversas,
365 2902 498 2980 partiens
513 2901 807 2977 communicansque,
825 2896 960 2958 leviores.

239 2979 315 3042 VII.
338 2981 501 3059 Quumque
512 2979 660 3058 plurimas
671 2989 702 3038 et
712 2977 862 3038 maximas
874 2972 1100 3036 commoditates

146 3061 186 3120 35
201 3061 336 3121 amicitia
350 3062 511 3132 contineat,
526 3069 592 3120 tum
614 3059 670 3118 illa
689 3058 834 3117 nimirum
852 3063 986 3134 praestat
1004 3053 1099 3112 omni·

200 3141 265 3213 bue,
287 3142 368 3218 quod
392 3141 503 3200 bonam
527 3160 610 3217 spem
633 3138 788 3216 praelucet
813 3137 846 3195 in
871 3143 1023 3214 posterum
1042 3153 1100 3190 nec

200 3219 354 3279 debilitari
374 3220 490 3278 animos
511 3228 564 3277 aut
585 3219 692 3277 eadere
713 3217 837 3294 patitur.
881 3213 997 3274 Verum
1019 3212 1098 3270 enirn

201 3299 333 3358 amicum
360 3298 413 3375 qui
441 3297 584 3368 intuetur,
607 3304 669 3356 tam
691 3315 763 3353 uam
791 3293 948 3370 exemplar
975 3291 1100 3368 aliquod

167 3381 178 3447 i
202 3377 336 3438 intuetur
348 3377 405 3436 sui.
447 3375 600 3452 Quocirca
613 3383 644 3434 et
657 3316 795 3434 absentes
811 3372 922 3431 adsunt
936 3379 966 3446 et
980 3377 1101 3448 egentes
