2524 3712
163 181 204 246 14
407 199 445 247 u.
475 199 644 246 runnu
673 199 929 246 cresaorms

214 353 392 419 Jueundum
409 356 615 436 potiusquam
630 357 789 418 odiosum!
830 354 876 415 Ut
897 355 977 414 enim
999 355 1113 416 adoles·

214 437 352 497 centibus
366 436 446 497 bona
461 437 563 498 indole
578 438 723 516 praeditis
744 437 893 515 sapientes
912 457 997 496 serres
1018 436 1113 495 delec-

214 525 329 590 tantur,
343 517 498 596 leviorque
512 517 547 577 fit
559 527 696 577 senectus
713 537 826 589 eorum,
841 517 893 594 qui
914 537 933 576 a
950 517 1113 595 juventute

214 596 357 657 coluntur
371 605 401 656 et
415 596 597 674 diliguntur,
611 597 655 656 sic
677 595 880 656 adolescentes
900 616 1006 656 senum
1027 615 1112 674 prae·

181 676 201 737 5
215 677 310 755 ceptis
324 676 467 754 gaudent,
503 676 592 736 uibus
606 676 646 736 ad
661 677 809 736 virtutum
830 676 932 735 studia
949 675 1112 734 ducuntur.

214 755 279 816 Nec
302 757 401 815 minus
425 697 564 834 intelligo
587 777 635 815 me
651 756 738 817 vobis
760 776 852 834 quam
874 755 951 815 mihi
972 775 1026 816 vos
1050 775 1113 815 esse

217 836 377 915 jucundos.
405 835 464 896 Sed
476 837 584 896 videtis
606 845 640 895 ut
651 845 786 896 senectus
795 856 856 896 non
867 835 956 896 modo
967 834 1113 914 languida

213 925 305 994 atque
314 915 393 976 iners
404 936 464 976 non
475 916 524 988 sit,
535 937 641 976 verum
656 917 748 975 etiam
762 915 803 976 sit
815 936 939 994 operosa
953 924 983 975 et
996 935 1113 993 semper

214 1017 306 1074 agens
320 995 438 1075 aliquid
452 1004 482 1056 et
496 996 635 1071 moliens5
648 995 711 1056 tale
724 995 848 1068 scilicet,
864 995 954 1074 quale
968 995 1113 1075 cujusque

162 1076 200 1144 10
213 1076 348 1136 studium
376 1078 407 1134 in
435 1077 588 1153 superiore
612 1076 678 1137 vita
706 1076 773 1136 fuit.
816 1076 910 1152 Quid,
939 1076 991 1154 qui
1019 1074 1127 1140 etiamt-
1143 1131 1157 1147 ἡ

214 1155 377 1216 addiscunt
385 1155 521 1233 aliquid?
537 1167 569 1215 ut
583 1165 613 1216 et
627 1153 768 1217 Solonem
779 1156 915 1217 versibus
929 1155 1111 1234 gloriantem
1134 1193 1151 1220 -,

213 1234 359 1307 videmus
379 1235 431 1314 qui
454 1257 487 1295 se
509 1237 643 1314 quotidie
668 1237 785 1316 aliquid
807 1236 1013 1296 addiscentem
1036 1237 1112 1296 dicit

212 1335 312 1374 senem
336 1316 410 1388 fieri,
433 1325 463 1375 et
485 1336 540 1394 ego
562 1316 628 1387 feei,
643 1317 696 1394 qui
722 1317 838 1376 litteras
861 1316 994 1377 Graecas
1018 1337 1112 1377 senex

213 1395 324 1467 didici;
347 1416 422 1475 quas
446 1395 568 1474 quidem
596 1398 639 1456 sie
667 1397 758 1456 avide
785 1397 910 1475 arripui,
933 1396 1020 1474 quasi
1047 1397 1113 1455 diu-

160 1474 199 1536 15
214 1485 336 1535 turnum
357 1475 439 1535 sitim
456 1477 580 1554 explere
594 1478 727 1555 cupiens,
744 1485 779 1536 ut
799 1497 835 1536 ea
856 1477 922 1555 ipsa
943 1476 1018 1535 mihi
1040 1487 1112 1536 nota

213 1564 318 1628 essent,
334 1555 443 1635 quibus
464 1577 512 1616 me
533 1577 614 1617 nunc
636 1558 783 1634 exemplis
797 1557 843 1616 uti
858 1557 976 1618 videtis.
1019 1555 1113 1632 Quod

214 1655 308 1713 quum
332 1636 436 1696 l'eoisse
460 1636 613 1696 Socratem
639 1638 671 1696 in
697 1637 807 1712 fidibus
832 1636 978 1708 audirem,
1000 1635 1112 1696 vellem

212 1715 352 1794 equidem
372 1717 464 1775 etiam
484 1716 778 1777 illud-discebant
799 1717 877 1776 enim
901 1716 1012 1776 fidibus
1034 1717 1112 1776 anti·

185 1795 265 1873 ⁴·qui
275 1796 388 1867 -,sed
405 1797 436 1855 in
452 1797 560 1856 litteris
575 1807 654 1857 certe
668 1796 832 1857 elaboravi.
857 1859 861 1876 ,
889 1836 914 1859 ,ιι

125 1927 129 1934 ,
159 1874 199 1936 20
254 1874 313 1935 ΙΧ.
336 1875 401 1936 Nec
420 1897 502 1936 nune
520 1876 641 1955 quidem
656 1877 736 1938 vires
757 1877 892 1937 desidelo
913 1876 1112 1938 adolescentis

212 1956 286 2014 -is
299 1956 378 2015 enim
396 1965 461 2015 erat
475 1957 559 2016 locus
573 1957 651 2016 alter
665 1957 703 2016 de
717 1957 801 2017 vitiis
815 1959 977 2017 senectutis
986 1991 1040 2028 —,
1050 1978 1111 2018 non

235 2034 290 2108 lus,
306 2057 397 2113 quam
417 2036 591 2096 adolescens
611 2037 692 2096 tauri
713 2046 768 2096 aut
788 2037 943 2116 elephanti
962 2037 1111 2098 desidera-

213 2055 292 2174 bam.
323 2116 413 2191 Quod
429 2125 482 2188 est,
497 2136 531 2176 eo
546 2117 631 2176 decet
646 2117 689 2176 uti
706 2127 745 2189 et,
761 2117 910 2196 quidquid
925 2138 1007 2196 agae,
1022 2137 1110 2196 agere

213 2216 266 2273 pr»
283 2195 406 2256 viribus.
449 2196 537 2272 Quae
551 2197 631 2256 enim
646 2218 707 2257 vox
721 2206 821 2277 potest
835 2218 897 2257 esse
910 2198 1111 2276 contemptior

159 2272 303 2352 25quam
328 2275 455 2336 Milonis
479 2275 694 2336 Crotoniatae?
722 2279 783 2357 qui,
809 2299 902 2357 quum
926 2279 991 2357 jam
1018 2297 1110 2337 senex

213 2363 297 2426 esset,
312 2355 502 2435 athletasque
522 2377 553 2415 se
574 2367 748 2417 exercentes
768 2359 800 2416 in
816 2359 969 2417 curriculo
983 2357 1109 2430 videret,

212 2435 362 2513 aspexisse
377 2435 504 2495 lacertos
518 2456 587 2495 suos
597 2437 711 2496 dicitur
723 2437 970 2516 illacrimansque
980 2437 1108 2498 dixisse:

212 2513 255 2574 At
274 2515 306 2573 hi
328 2516 445 2595 quidem
465 2519 573 2576 mortui
583 2519 651 2595 jum
672 2525 749 2578 suat.
791 2517 861 2577 Non
883 2539 954 2578 vero
975 2527 1038 2577 tam
1060 2517 1110 2576 isti

212 2615 302 2672 quam
318 2604 351 2654 tu
367 2595 439 2674 ipse,
456 2605 602 2674 nugatum
625 2617 722 2676 neque
736 2598 867 2672 enimex
878 2606 1063 2676 teumquam
1079 2617 1109 2656 es

158 2671 198 2735 30
213 2675 400 2748 nobilitatus,
415 2675 467 2735 sed
489 2696 527 2735 ex
549 2675 695 2738 lateribus
716 2687 747 2737 et
767 2678 889 2738 lacertis
910 2677 979 2738 tuis.
1021 2677 1109 2737 Nihil

211 2753 281 2816 Sex.
297 2754 404 2816 Aelius
419 2755 488 2828 tale,
504 2756 582 2816 nihil
599 2758 704 2817 multis
725 2758 812 2817 annis
834 2766 905 2817 ante
925 2757 970 2816 Ti.
995 2756 1108 2817 Corun-

211 2835 324 2906 canius,
340 2835 418 2894 nihil
438 2837 529 2897 modo
550 2836 585 2896 P.
604 2836 737 2910 Crassus,
752 2859 770 2897 a
785 2837 894 2916 quibus
904 2838 976 2916 jura
991 2837 1109 2898 civibus

211 2914 505 2992 praescribebantur,
521 2937 648 2994 quorum
665 2934 758 2995 usquc
775 2917 815 2975 ad
832 2926 1002 2976 extremum
1023 2918 1109 2995 spiri-

211 3007 277 3052 tum
294 3003 338 3053 est
355 3004 499 3077 prppeota
516 2995 688 3074 prudentia.
699 2995 843 3080 pqOr'ator
863 3007 965 3055 metuo
986 3016 1024 3055 ne
1045 2997 1109 3056 lan-

157 3073 197 3133 35
212 3085 335 3151 guescat
349 3071 519 3145 serreetirte;
544 3083 588 3134 est
609 3076 689 3134 enim
711 3096 821 3135 munus
837 3077 901 3155 ejus
918 3096 979 3135 non
994 3077 1108 3155 ingenii

210 3153 317 3224 solum,
332 3153 384 3212 sed
405 3153 536 3212 laterum
557 3155 648 3214 etiam
665 3165 695 3215 et
710 3156 831 3217 virium.
874 3155 1006 3215 Omnino
1022 3176 1108 3216 rano·

210 3251 277 3289 rum
292 3231 370 3291 illud
386 3233 418 3290 in
433 3254 508 3294 voce
521 3235 704 3312 splendescit
718 3237 811 3294 etism
832 3237 931 3294 neseio
945 3247 1108 3362 <papum

209 3311 242 3369 in
269 3321 432 3384 senectute,
461 3314 542 3390 quod
570 3316 708 3392 equidem
735 3317 836 3392 ²¹le
863 3323 924 3381 aon
952 3311 1049 3388 auriti,
1078 3335 1108 3376 et

209 3389 447 3452 videtis'annos.
488 3391 547 3453 Sed
570 3403 673 3454 tamen
697 3404 742 3456 est
764 3395 889 3456 decorus
911 3395 989 3456 senis
1011 3415 1111 3480 scunt).

927 3658 934 3672 ὸ
946 3643 958 3662 “’”
967 3643 1011 3688 ’Ἧι
