<?xml version="1.0" encoding="UTF-8"?>
<!DOCTYPE html PUBLIC "-//W3C//DTD XHTML 1.0 Transitional//EN"
    "http://www.w3.org/TR/xhtml1/DTD/xhtml1-transitional.dtd">
<html xmlns="http://www.w3.org/1999/xhtml" xml:lang="en" lang="en">
 <head>
  <title>
</title>
<meta http-equiv="Content-Type" content="text/html;charset=utf-8" />
  <meta name='ocr-system' content='tesseract 3.04.00' />
  <meta name='ocr-capabilities' content='ocr_page ocr_carea ocr_par ocr_line ocrx_word'/>
</head>
<body>
  <div class='ocr_page' id='page_1' title='image "./mtulliiciceroni00richgoog_0030.png"; bbox 0 0 2524 3712; ppageno 0'>
   <div class='ocr_carea' id='block_1_1' title="bbox 143 187 903 254">
    <p class='ocr_par' dir='ltr' id='par_1_1' title="bbox 143 187 903 254">
     <span class='ocr_line' id='line_1_1' title="bbox 143 187 903 254; baseline 0.003 -2"><span class='ocrx_word' id='word_1_1' title='bbox 143 187 184 252; x_wconf 82' lang='lat'>26</span> <span class='ocrx_word' id='word_1_2' title='bbox 384 205 903 254; x_wconf 80' lang='lat' dir='ltr'>u.rur.n11oronnou1s</span> 
     </span>
    </p>
   </div>
   <div class='ocr_carea' id='block_1_2' title="bbox 144 359 1094 3482">
    <p class='ocr_par' dir='ltr' id='par_1_2' title="bbox 144 359 1094 3482">
     <span class='ocr_line' id='line_1_2' title="bbox 196 359 1092 442; baseline 0.006 -22"><span class='ocrx_word' id='word_1_3' title='bbox 196 359 358 438; x_wconf 80' lang='lat' dir='ltr'>diligenter</span> <span class='ocrx_word' id='word_1_4' title='bbox 372 362 520 422; x_wconf 90' lang='lat' dir='ltr'>consitum</span> <span class='ocrx_word' id='word_1_5' title='bbox 535 363 714 435; x_wconf 87' lang='lat' dir='ltr'>ostendisse;</span> <span class='ocrx_word' id='word_1_6' title='bbox 737 385 829 442; x_wconf 90' lang='lat' dir='ltr'>quum</span> <span class='ocrx_word' id='word_1_7' title='bbox 846 373 946 425; x_wconf 89' lang='lat' dir='ltr'>autem</span> <span class='ocrx_word' id='word_1_8' title='bbox 962 365 1092 426; x_wconf 88' lang='lat' dir='ltr'>admira·</span> 
     </span>
     <span class='ocr_line' id='line_1_3' title="bbox 196 440 1092 520; baseline 0.006 -21"><span class='ocrx_word' id='word_1_9' title='bbox 196 453 280 500; x_wconf 88' lang='lat' dir='ltr'>retur</span> <span class='ocrx_word' id='word_1_10' title='bbox 291 440 449 520; x_wconf 84' lang='lat' dir='ltr'>Lysander</span> <span class='ocrx_word' id='word_1_11' title='bbox 463 452 492 502; x_wconf 89' lang='lat' dir='ltr'>et</span> <span class='ocrx_word' id='word_1_12' title='bbox 507 444 701 520; x_wconf 80' lang='lat' dir='ltr'>proceritates</span> <span class='ocrx_word' id='word_1_13' title='bbox 717 444 859 504; x_wconf 89' lang='lat' dir='ltr'>arborum</span> <span class='ocrx_word' id='word_1_14' title='bbox 874 454 905 504; x_wconf 88' lang='lat' dir='ltr'>et</span> <span class='ocrx_word' id='word_1_15' title='bbox 918 446 1045 506; x_wconf 91' lang='lat' dir='ltr'>directos</span> <span class='ocrx_word' id='word_1_16' title='bbox 1059 446 1092 504; x_wconf 91' lang='lat' dir='ltr'>in</span> 
     </span>
     <span class='ocr_line' id='line_1_4' title="bbox 196 521 1093 603; baseline 0.003 -23"><span class='ocrx_word' id='word_1_17' title='bbox 196 521 398 600; x_wconf 79' lang='lat' dir='ltr'>quincuncem</span> <span class='ocrx_word' id='word_1_18' title='bbox 412 522 530 582; x_wconf 89' lang='lat' dir='ltr'>ordines</span> <span class='ocrx_word' id='word_1_19' title='bbox 541 532 570 582; x_wconf 89' lang='lat' dir='ltr'>et</span> <span class='ocrx_word' id='word_1_20' title='bbox 580 523 706 582; x_wconf 89' lang='lat' dir='ltr'>humum</span> <span class='ocrx_word' id='word_1_21' title='bbox 717 523 872 584; x_wconf 81' lang='lat' dir='ltr'>subactam</span> <span class='ocrx_word' id='word_1_22' title='bbox 883 534 973 603; x_wconf 92' lang='lat' dir='ltr'>atque</span> <span class='ocrx_word' id='word_1_23' title='bbox 985 545 1093 603; x_wconf 91' lang='lat' dir='ltr'>puram</span> 
     </span>
     <span class='ocr_line' id='line_1_5' title="bbox 196 602 1093 680; baseline 0.002 -18"><span class='ocrx_word' id='word_1_24' title='bbox 196 610 228 662; x_wconf 87' lang='lat' dir='ltr'>et</span> <span class='ocrx_word' id='word_1_25' title='bbox 241 602 423 661; x_wconf 90' lang='lat' dir='ltr'>suavitatem</span> <span class='ocrx_word' id='word_1_26' title='bbox 436 602 571 674; x_wconf 90' lang='lat' dir='ltr'>odorum,</span> <span class='ocrx_word' id='word_1_27' title='bbox 582 603 633 680; x_wconf 94' lang='lat' dir='ltr'>qui</span> <span class='ocrx_word' id='word_1_28' title='bbox 646 603 822 662; x_wconf 86' lang='lat' dir='ltr'>afflarentur</span> <span class='ocrx_word' id='word_1_29' title='bbox 833 625 871 664; x_wconf 85' lang='lat' dir='ltr'>cx</span> <span class='ocrx_word' id='word_1_30' title='bbox 883 605 1017 677; x_wconf 89' lang='lat' dir='ltr'>floribus,</span> <span class='ocrx_word' id='word_1_31' title='bbox 1026 615 1093 664; x_wconf 88' lang='lat' dir='ltr'>tum</span> 
     </span>
     <span class='ocr_line' id='line_1_6' title="bbox 164 681 1091 762; baseline 0.002 -20"><span class='ocrx_word' id='word_1_32' title='bbox 164 683 265 742; x_wconf 69' lang='lat' dir='ltr'>deum</span> <span class='ocrx_word' id='word_1_33' title='bbox 291 681 404 742; x_wconf 83' lang='lat' dir='ltr'>dixisse</span> <span class='ocrx_word' id='word_1_34' title='bbox 428 682 532 742; x_wconf 88' lang='lat' dir='ltr'>mirari</span> <span class='ocrx_word' id='word_1_35' title='bbox 557 703 587 742; x_wconf 90' lang='lat' dir='ltr'>se</span> <span class='ocrx_word' id='word_1_36' title='bbox 612 703 672 742; x_wconf 91' lang='lat' dir='ltr'>non</span> <span class='ocrx_word' id='word_1_37' title='bbox 701 683 789 743; x_wconf 91' lang='lat' dir='ltr'>modo</span> <span class='ocrx_word' id='word_1_38' title='bbox 817 683 1018 762; x_wconf 84' lang='lat' dir='ltr'>diligentiam,</span> <span class='ocrx_word' id='word_1_39' title='bbox 1040 684 1091 744; x_wconf 90' lang='lat' dir='ltr'>sed</span> 
     </span>
     <span class='ocr_line' id='line_1_7' title="bbox 197 761 1093 842; baseline 0.003 -22"><span class='ocrx_word' id='word_1_40' title='bbox 197 761 288 820; x_wconf 91' lang='lat' dir='ltr'>etiam</span> <span class='ocrx_word' id='word_1_41' title='bbox 304 761 471 822; x_wconf 90' lang='lat' dir='ltr'>sollertiam</span> <span class='ocrx_word' id='word_1_42' title='bbox 485 765 558 841; x_wconf 87' lang='lat' dir='ltr'>ejus,</span> <span class='ocrx_word' id='word_1_43' title='bbox 569 783 588 822; x_wconf 92' lang='lat' dir='ltr'>a</span> <span class='ocrx_word' id='word_1_44' title='bbox 599 783 658 841; x_wconf 93' lang='lat' dir='ltr'>quo</span> <span class='ocrx_word' id='word_1_45' title='bbox 670 774 768 823; x_wconf 87' lang='lat' dir='ltr'>essent</span> <span class='ocrx_word' id='word_1_46' title='bbox 782 763 837 822; x_wconf 88' lang='lat' dir='ltr'>illa</span> <span class='ocrx_word' id='word_1_47' title='bbox 851 764 987 824; x_wconf 88' lang='lat' dir='ltr'>dimensa</span> <span class='ocrx_word' id='word_1_48' title='bbox 1002 774 1093 842; x_wconf 89' lang='lat' dir='ltr'>atque</span> 
     </span>
     <span class='ocr_line' id='line_1_8' title="bbox 198 841 1094 922; baseline 0.003 -21"><span class='ocrx_word' id='word_1_49' title='bbox 198 841 353 922; x_wconf 86' lang='lat' dir='ltr'>discripta,</span> <span class='ocrx_word' id='word_1_50' title='bbox 376 851 406 901; x_wconf 91' lang='lat' dir='ltr'>et</span> <span class='ocrx_word' id='word_1_51' title='bbox 427 843 455 902; x_wconf 92' lang='lat' dir='ltr'>ei</span> <span class='ocrx_word' id='word_1_52' title='bbox 476 841 590 920; x_wconf 84' lang='lat' dir='ltr'>Cyrum</span> <span class='ocrx_word' id='word_1_53' title='bbox 620 843 823 920; x_wconf 89' lang='lat' dir='ltr'>respondisse:</span> <span class='ocrx_word' id='word_1_54' title='bbox 846 842 940 922; x_wconf 66' lang='lat' dir='ltr'>Atqu</span> <span class='ocrx_word' id='word_1_55' title='bbox 962 865 1013 922; x_wconf 72' lang='lat' dir='ltr'>epo</span> <span class='ocrx_word' id='word_1_56' title='bbox 1037 845 1094 904; x_wconf 76' lang='lat' dir='ltr'>istu</span> 
     </span>
     <span class='ocr_line' id='line_1_9' title="bbox 197 922 1092 1002; baseline -0.001 -20"><span class='ocrx_word' id='word_1_57' title='bbox 197 943 259 982; x_wconf 78' lang='lat' dir='ltr'>euro</span> <span class='ocrx_word' id='word_1_58' title='bbox 274 923 373 981; x_wconf 68' lang='lat' dir='ltr'>omorio</span> <span class='ocrx_word' id='word_1_59' title='bbox 384 922 533 982; x_wconf 73' lang='lat' dir='ltr'>dirueretur</span> <span class='ocrx_word' id='word_1_60' title='bbox 540 945 551 992; x_wconf 91' lang='lat'><em>;</em></span> <span class='ocrx_word' id='word_1_61' title='bbox 565 923 623 982; x_wconf 84' lang='lat' dir='ltr'>mei</span> <span class='ocrx_word' id='word_1_62' title='bbox 636 923 840 996; x_wconf 71' lang='lat' dir='ltr'>cardordense,</span> <span class='ocrx_word' id='word_1_63' title='bbox 852 923 1092 1002; x_wconf 66' lang='lat' dir='ltr'>meodiaeadptio;</span> 
     </span>
     <span class='ocr_line' id='line_1_10' title="bbox 197 1003 1092 1072; baseline 0.001 -11"><span class='ocrx_word' id='word_1_64' title='bbox 197 1003 304 1061; x_wconf 83' lang='lat' dir='ltr'>multae</span> <span class='ocrx_word' id='word_1_65' title='bbox 325 1003 412 1062; x_wconf 77' lang='lat' dir='ltr'>etium</span> <span class='ocrx_word' id='word_1_66' title='bbox 432 1004 557 1062; x_wconf 79' lang='lat' dir='ltr'>istorum</span> <span class='ocrx_word' id='word_1_67' title='bbox 577 1003 714 1062; x_wconf 83' lang='lat' dir='ltr'>arborum</span> <span class='ocrx_word' id='word_1_68' title='bbox 731 1025 795 1063; x_wconf 83' lang='lat' dir='ltr'>meo</span> <span class='ocrx_word' id='word_1_69' title='bbox 809 1025 901 1063; x_wconf 83' lang='lat' dir='ltr'>manu</span> <span class='ocrx_word' id='word_1_70' title='bbox 914 1010 982 1064; x_wconf 78' lang='lat' dir='ltr'>aaut</span> <span class='ocrx_word' id='word_1_71' title='bbox 995 1010 1073 1064; x_wconf 80' lang='lat' dir='ltr'>eatae</span> <span class='ocrx_word' id='word_1_72' title='bbox 1082 1025 1092 1072; x_wconf 89' lang='lat'><em>;</em></span> 
     </span>
     <span class='ocr_line' id='line_1_11' title="bbox 146 1080 1093 1163; baseline -0.002 -19"><span class='ocrx_word' id='word_1_73' title='bbox 146 1081 185 1143; x_wconf 91' lang='lat'>10</span> <span class='ocrx_word' id='word_1_74' title='bbox 198 1092 263 1143; x_wconf 92' lang='lat' dir='ltr'>tum</span> <span class='ocrx_word' id='word_1_75' title='bbox 279 1080 471 1160; x_wconf 88' lang='lat' dir='ltr'>Lysandrum</span> <span class='ocrx_word' id='word_1_76' title='bbox 488 1085 655 1142; x_wconf 85' lang='lat' dir='ltr'>intuentem</span> <span class='ocrx_word' id='word_1_77' title='bbox 667 1103 834 1162; x_wconf 84' lang='lat' dir='ltr'>purpuram</span> <span class='ocrx_word' id='word_1_78' title='bbox 849 1084 912 1163; x_wconf 89' lang='lat' dir='ltr'>ejus</span> <span class='ocrx_word' id='word_1_79' title='bbox 922 1093 952 1144; x_wconf 90' lang='lat' dir='ltr'>et</span> <span class='ocrx_word' id='word_1_80' title='bbox 964 1084 1093 1144; x_wconf 91' lang='lat' dir='ltr'>nitorem</span> 
     </span>
     <span class='ocr_line' id='line_1_12' title="bbox 198 1162 1093 1242; baseline 0.001 -20"><span class='ocrx_word' id='word_1_81' title='bbox 198 1163 332 1240; x_wconf 88' lang='lat' dir='ltr'>corporis</span> <span class='ocrx_word' id='word_1_82' title='bbox 345 1173 546 1242; x_wconf 87' lang='lat' dir='ltr'>ornatumque</span> <span class='ocrx_word' id='word_1_83' title='bbox 560 1162 714 1222; x_wconf 90' lang='lat' dir='ltr'>Persicum</span> <span class='ocrx_word' id='word_1_84' title='bbox 730 1163 828 1223; x_wconf 91' lang='lat' dir='ltr'>multo</span> <span class='ocrx_word' id='word_1_85' title='bbox 842 1184 917 1224; x_wconf 88' lang='lat' dir='ltr'>auro</span> <span class='ocrx_word' id='word_1_86' title='bbox 932 1163 1093 1241; x_wconf 85' lang='lat' dir='ltr'>multisque</span> 
     </span>
     <span class='ocr_line' id='line_1_13' title="bbox 197 1242 1091 1323; baseline 0.002 -23"><span class='ocrx_word' id='word_1_87' title='bbox 197 1242 323 1320; x_wconf 86' lang='lat' dir='ltr'>gemmis</span> <span class='ocrx_word' id='word_1_88' title='bbox 345 1242 473 1302; x_wconf 88' lang='lat' dir='ltr'>dixisse:</span> <span class='ocrx_word' id='word_1_89' title='bbox 496 1243 584 1302; x_wconf 83' lang='lat' dir='ltr'>Recte</span> <span class='ocrx_word' id='word_1_90' title='bbox 605 1263 669 1302; x_wconf 78' lang='lat' dir='ltr'>cero</span> <span class='ocrx_word' id='word_1_91' title='bbox 691 1249 725 1316; x_wconf 84' lang='lat' dir='ltr'>te,</span> <span class='ocrx_word' id='word_1_92' title='bbox 747 1243 829 1322; x_wconf 78' lang='lat' dir='ltr'>Cyre,</span> <span class='ocrx_word' id='word_1_93' title='bbox 849 1243 963 1303; x_wconf 83' lang='lat' dir='ltr'>beatum</span> <span class='ocrx_word' id='word_1_94' title='bbox 977 1244 1091 1323; x_wconf 70' lang='lat' dir='ltr'>smeret,</span> 
     </span>
     <span class='ocr_line' id='line_1_14' title="bbox 199 1323 1092 1402; baseline 0.003 -22"><span class='ocrx_word' id='word_1_95' title='bbox 199 1324 337 1402; x_wconf 78' lang='lat' dir='ltr'>quonium</span> <span class='ocrx_word' id='word_1_96' title='bbox 364 1323 467 1381; x_wconf 79' lang='lat' dir='ltr'>uirtuti</span> <span class='ocrx_word' id='word_1_97' title='bbox 494 1329 560 1381; x_wconf 86' lang='lat' dir='ltr'>tuoe</span> <span class='ocrx_word' id='word_1_98' title='bbox 582 1323 707 1399; x_wconf 69' lang='lat' dir='ltr'>samana</span> <span class='ocrx_word' id='word_1_99' title='bbox 734 1324 888 1402; x_wconf 79' lang='lat' dir='ltr'>conjuncto</span> <span class='ocrx_word' id='word_1_100' title='bbox 916 1330 964 1384; x_wconf 83' lang='lat' dir='ltr'>eet.</span> <span class='ocrx_word' id='word_1_101' title='bbox 1021 1323 1092 1384; x_wconf 86' lang='lat' dir='ltr'>Hac</span> 
     </span>
     <span class='ocr_line' id='line_1_15' title="bbox 199 1401 1091 1482; baseline 0.002 -21"><span class='ocrx_word' id='word_1_102' title='bbox 199 1403 293 1480; x_wconf 87' lang='lat' dir='ltr'>igitur</span> <span class='ocrx_word' id='word_1_103' title='bbox 314 1401 436 1462; x_wconf 85' lang='lat' dir='ltr'>fortuna</span> <span class='ocrx_word' id='word_1_104' title='bbox 456 1403 517 1462; x_wconf 83' lang='lat' dir='ltr'>frui</span> <span class='ocrx_word' id='word_1_105' title='bbox 538 1402 611 1462; x_wconf 89' lang='lat' dir='ltr'>licet</span> <span class='ocrx_word' id='word_1_106' title='bbox 631 1403 761 1475; x_wconf 87' lang='lat' dir='ltr'>senibus,</span> <span class='ocrx_word' id='word_1_107' title='bbox 781 1421 836 1462; x_wconf 91' lang='lat' dir='ltr'>nec</span> <span class='ocrx_word' id='word_1_108' title='bbox 853 1413 936 1463; x_wconf 85' lang='lat' dir='ltr'>aetas</span> <span class='ocrx_word' id='word_1_109' title='bbox 956 1403 1091 1482; x_wconf 87' lang='lat' dir='ltr'>impedit,</span> 
     </span>
     <span class='ocr_line' id='line_1_16' title="bbox 146 1482 1093 1562; baseline 0.001 -21"><span class='ocrx_word' id='word_1_110' title='bbox 146 1482 183 1541; x_wconf 88' lang='lat'>15</span> <span class='ocrx_word' id='word_1_111' title='bbox 199 1503 258 1560; x_wconf 90' lang='lat' dir='ltr'>qno</span> <span class='ocrx_word' id='word_1_112' title='bbox 287 1483 386 1542; x_wconf 91' lang='lat' dir='ltr'>minus</span> <span class='ocrx_word' id='word_1_113' title='bbox 413 1491 444 1542; x_wconf 90' lang='lat' dir='ltr'>et</span> <span class='ocrx_word' id='word_1_114' title='bbox 471 1491 639 1542; x_wconf 88' lang='lat' dir='ltr'>ceterarum</span> <span class='ocrx_word' id='word_1_115' title='bbox 664 1501 766 1542; x_wconf 92' lang='lat' dir='ltr'>rerum</span> <span class='ocrx_word' id='word_1_116' title='bbox 790 1492 821 1544; x_wconf 88' lang='lat' dir='ltr'>et</span> <span class='ocrx_word' id='word_1_117' title='bbox 844 1484 874 1542; x_wconf 90' lang='lat' dir='ltr'>iu</span> <span class='ocrx_word' id='word_1_118' title='bbox 900 1484 1005 1562; x_wconf 91' lang='lat' dir='ltr'>primis</span> <span class='ocrx_word' id='word_1_119' title='bbox 1027 1483 1093 1562; x_wconf 88' lang='lat' dir='ltr'>agri</span> 
     </span>
     <span class='ocr_line' id='line_1_17' title="bbox 199 1563 1093 1644; baseline 0.001 -21"><span class='ocrx_word' id='word_1_120' title='bbox 199 1563 318 1623; x_wconf 87' lang='lat' dir='ltr'>colendi</span> <span class='ocrx_word' id='word_1_121' title='bbox 339 1563 441 1622; x_wconf 93' lang='lat' dir='ltr'>studia</span> <span class='ocrx_word' id='word_1_122' title='bbox 461 1571 616 1623; x_wconf 87' lang='lat' dir='ltr'>teneamus</span> <span class='ocrx_word' id='word_1_123' title='bbox 637 1585 731 1642; x_wconf 89' lang='lat' dir='ltr'>usque</span> <span class='ocrx_word' id='word_1_124' title='bbox 753 1563 793 1624; x_wconf 88' lang='lat' dir='ltr'>ad</span> <span class='ocrx_word' id='word_1_125' title='bbox 813 1563 956 1624; x_wconf 91' lang='lat' dir='ltr'>ultimum</span> <span class='ocrx_word' id='word_1_126' title='bbox 975 1573 1093 1644; x_wconf 90' lang='lat' dir='ltr'>tempus</span> 
     </span>
     <span class='ocr_line' id='line_1_18' title="bbox 198 1643 1094 1722; baseline 0 -18"><span class='ocrx_word' id='word_1_127' title='bbox 198 1645 369 1704; x_wconf 88' lang='lat' dir='ltr'>senectutis.</span> <span class='ocrx_word' id='word_1_128' title='bbox 411 1643 455 1704; x_wconf 89' lang='lat' dir='ltr'>M.</span> <span class='ocrx_word' id='word_1_129' title='bbox 483 1644 605 1722; x_wconf 88' lang='lat' dir='ltr'>quidem</span> <span class='ocrx_word' id='word_1_130' title='bbox 629 1643 790 1705; x_wconf 86' lang='lat' dir='ltr'>Valerium</span> <span class='ocrx_word' id='word_1_131' title='bbox 818 1643 984 1704; x_wconf 82' lang='lat' dir='ltr'>Corvinum</span> <span class='ocrx_word' id='word_1_132' title='bbox 1011 1665 1094 1704; x_wconf 87' lang='lat' dir='ltr'>aece-</span> 
     </span>
     <span class='ocr_line' id='line_1_19' title="bbox 198 1724 1094 1803; baseline 0.003 -21"><span class='ocrx_word' id='word_1_133' title='bbox 198 1725 298 1803; x_wconf 91' lang='lat' dir='ltr'>pimus</span> <span class='ocrx_word' id='word_1_134' title='bbox 312 1725 351 1785; x_wconf 86' lang='lat' dir='ltr'>ad</span> <span class='ocrx_word' id='word_1_135' title='bbox 366 1725 562 1785; x_wconf 89' lang='lat' dir='ltr'>centesimum</span> <span class='ocrx_word' id='word_1_136' title='bbox 577 1745 691 1784; x_wconf 90' lang='lat' dir='ltr'>annum</span> <span class='ocrx_word' id='word_1_137' title='bbox 707 1724 890 1803; x_wconf 84' lang='lat' dir='ltr'>perduxisse,</span> <span class='ocrx_word' id='word_1_138' title='bbox 906 1745 999 1803; x_wconf 91' lang='lat' dir='ltr'>quum</span> <span class='ocrx_word' id='word_1_139' title='bbox 1019 1734 1094 1786; x_wconf 89' lang='lat' dir='ltr'>esset</span> 
     </span>
     <span class='ocr_line' id='line_1_20' title="bbox 198 1804 1094 1884; baseline 0 -20"><span class='ocrx_word' id='word_1_140' title='bbox 198 1813 267 1864; x_wconf 87' lang='lat' dir='ltr'>acta</span> <span class='ocrx_word' id='word_1_141' title='bbox 281 1806 347 1883; x_wconf 86' lang='lat' dir='ltr'>jam</span> <span class='ocrx_word' id='word_1_142' title='bbox 367 1814 466 1864; x_wconf 87' lang='lat' dir='ltr'>aetate</span> <span class='ocrx_word' id='word_1_143' title='bbox 485 1805 517 1864; x_wconf 92' lang='lat' dir='ltr'>in</span> <span class='ocrx_word' id='word_1_144' title='bbox 536 1805 616 1884; x_wconf 86' lang='lat' dir='ltr'>agris</span> <span class='ocrx_word' id='word_1_145' title='bbox 639 1825 746 1884; x_wconf 88' lang='lat' dir='ltr'>eosque</span> <span class='ocrx_word' id='word_1_146' title='bbox 766 1804 893 1875; x_wconf 80' lang='lat' dir='ltr'>coleret:</span> <span class='ocrx_word' id='word_1_147' title='bbox 916 1806 1000 1883; x_wconf 86' lang='lat' dir='ltr'>cujus</span> <span class='ocrx_word' id='word_1_148' title='bbox 1013 1805 1094 1864; x_wconf 90' lang='lat' dir='ltr'>inter</span> 
     </span>
     <span class='ocr_line' id='line_1_21' title="bbox 146 1882 1094 1964; baseline 0.001 -20"><span class='ocrx_word' id='word_1_149' title='bbox 146 1882 185 1944; x_wconf 80' lang='lat'>20</span> <span class='ocrx_word' id='word_1_150' title='bbox 199 1886 332 1964; x_wconf 92' lang='lat' dir='ltr'>primum</span> <span class='ocrx_word' id='word_1_151' title='bbox 353 1893 383 1944; x_wconf 91' lang='lat' dir='ltr'>et</span> <span class='ocrx_word' id='word_1_152' title='bbox 403 1895 523 1944; x_wconf 89' lang='lat' dir='ltr'>sextum</span> <span class='ocrx_word' id='word_1_153' title='bbox 546 1885 737 1945; x_wconf 87' lang='lat' dir='ltr'>consulatum</span> <span class='ocrx_word' id='word_1_154' title='bbox 760 1904 815 1944; x_wconf 81' lang='lat' dir='ltr'>sex</span> <span class='ocrx_word' id='word_1_155' title='bbox 837 1893 867 1944; x_wconf 88' lang='lat' dir='ltr'>et</span> <span class='ocrx_word' id='word_1_156' title='bbox 890 1885 1094 1962; x_wconf 86' lang='lat' dir='ltr'>quadraginta</span> 
     </span>
     <span class='ocr_line' id='line_1_22' title="bbox 198 1964 1094 2042; baseline 0 -18"><span class='ocrx_word' id='word_1_157' title='bbox 198 1965 272 2024; x_wconf 88' lang='lat' dir='ltr'>anni</span> <span class='ocrx_word' id='word_1_158' title='bbox 301 1965 513 2024; x_wconf 88' lang='lat' dir='ltr'>interfuerunt.</span> <span class='ocrx_word' id='word_1_159' title='bbox 569 1964 619 2023; x_wconf 89' lang='lat' dir='ltr'>Ita</span> <span class='ocrx_word' id='word_1_160' title='bbox 647 1973 794 2042; x_wconf 88' lang='lat' dir='ltr'>quantum</span> <span class='ocrx_word' id='word_1_161' title='bbox 822 1967 954 2041; x_wconf 90' lang='lat' dir='ltr'>spatium</span> <span class='ocrx_word' id='word_1_162' title='bbox 986 1964 1094 2024; x_wconf 88' lang='lat' dir='ltr'>aetatis</span> 
     </span>
     <span class='ocr_line' id='line_1_23' title="bbox 199 2043 1094 2122; baseline 0.001 -19"><span class='ocrx_word' id='word_1_163' title='bbox 199 2045 326 2122; x_wconf 89' lang='lat' dir='ltr'>majores</span> <span class='ocrx_word' id='word_1_164' title='bbox 347 2044 385 2104; x_wconf 87' lang='lat' dir='ltr'>ad</span> <span class='ocrx_word' id='word_1_165' title='bbox 406 2044 567 2104; x_wconf 87' lang='lat' dir='ltr'>senectutis</span> <span class='ocrx_word' id='word_1_166' title='bbox 586 2044 708 2104; x_wconf 90' lang='lat' dir='ltr'>initium</span> <span class='ocrx_word' id='word_1_167' title='bbox 728 2063 789 2103; x_wconf 88' lang='lat' dir='ltr'>esse</span> <span class='ocrx_word' id='word_1_168' title='bbox 803 2043 975 2114; x_wconf 85' lang='lat' dir='ltr'>voluerunt,</span> <span class='ocrx_word' id='word_1_169' title='bbox 990 2053 1094 2104; x_wconf 89' lang='lat' dir='ltr'>tantus</span> 
     </span>
     <span class='ocr_line' id='line_1_24' title="bbox 198 2124 1093 2202; baseline 0.001 -19"><span class='ocrx_word' id='word_1_170' title='bbox 198 2125 245 2184; x_wconf 94' lang='lat' dir='ltr'>illi</span> <span class='ocrx_word' id='word_1_171' title='bbox 259 2144 364 2184; x_wconf 88' lang='lat' dir='ltr'>cursus</span> <span class='ocrx_word' id='word_1_172' title='bbox 378 2124 525 2184; x_wconf 89' lang='lat' dir='ltr'>honorum</span> <span class='ocrx_word' id='word_1_173' title='bbox 542 2124 618 2195; x_wconf 86' lang='lat' dir='ltr'>fuit;</span> <span class='ocrx_word' id='word_1_174' title='bbox 640 2132 731 2201; x_wconf 91' lang='lat' dir='ltr'>atque</span> <span class='ocrx_word' id='word_1_175' title='bbox 747 2124 838 2202; x_wconf 90' lang='lat' dir='ltr'>hujus</span> <span class='ocrx_word' id='word_1_176' title='bbox 855 2132 991 2184; x_wconf 86' lang='lat' dir='ltr'>extrema</span> <span class='ocrx_word' id='word_1_177' title='bbox 1011 2131 1093 2184; x_wconf 84' lang='lat' dir='ltr'>aetas</span> 
     </span>
     <span class='ocr_line' id='line_1_25' title="bbox 197 2201 1094 2283; baseline 0 -19"><span class='ocrx_word' id='word_1_178' title='bbox 197 2205 255 2264; x_wconf 91' lang='lat' dir='ltr'>hoc</span> <span class='ocrx_word' id='word_1_179' title='bbox 276 2204 393 2263; x_wconf 88' lang='lat' dir='ltr'>beatior</span> <span class='ocrx_word' id='word_1_180' title='bbox 411 2224 502 2282; x_wconf 93' lang='lat' dir='ltr'>quam</span> <span class='ocrx_word' id='word_1_181' title='bbox 525 2203 633 2275; x_wconf 88' lang='lat' dir='ltr'>media,</span> <span class='ocrx_word' id='word_1_182' title='bbox 648 2204 728 2283; x_wconf 92' lang='lat' dir='ltr'>quod</span> <span class='ocrx_word' id='word_1_183' title='bbox 750 2203 940 2263; x_wconf 85' lang='lat' dir='ltr'>auctoritatis</span> <span class='ocrx_word' id='word_1_184' title='bbox 960 2201 1094 2264; x_wconf 91' lang='lat' dir='ltr'>habebat</span> 
     </span>
     <span class='ocr_line' id='line_1_26' title="bbox 146 2283 1093 2363; baseline 0 -21"><span class='ocrx_word' id='word_1_185' title='bbox 146 2283 184 2342; x_wconf 74' lang='lat'>25</span> <span class='ocrx_word' id='word_1_186' title='bbox 199 2285 276 2363; x_wconf 93' lang='lat' dir='ltr'>plus,</span> <span class='ocrx_word' id='word_1_187' title='bbox 292 2284 404 2344; x_wconf 88' lang='lat' dir='ltr'>laboris</span> <span class='ocrx_word' id='word_1_188' title='bbox 418 2285 531 2343; x_wconf 87' lang='lat' dir='ltr'>minus:</span> <span class='ocrx_word' id='word_1_189' title='bbox 555 2305 632 2361; x_wconf 85' lang='lat' dir='ltr'>apex</span> <span class='ocrx_word' id='word_1_190' title='bbox 654 2293 698 2342; x_wconf 89' lang='lat' dir='ltr'>est</span> <span class='ocrx_word' id='word_1_191' title='bbox 719 2293 820 2343; x_wconf 88' lang='lat' dir='ltr'>autem</span> <span class='ocrx_word' id='word_1_192' title='bbox 841 2283 1004 2344; x_wconf 86' lang='lat' dir='ltr'>senectutis</span> <span class='ocrx_word' id='word_1_193' title='bbox 1025 2303 1093 2342; x_wconf 90' lang='lat' dir='ltr'>auc·</span> 
     </span>
     <span class='ocr_line' id='line_1_27' title="bbox 198 2361 1093 2441; baseline -0.002 -17"><span class='ocrx_word' id='word_1_194' title='bbox 198 2366 313 2425; x_wconf 86' lang='lat' dir='ltr'>toritas.</span> <span class='ocrx_word' id='word_1_195' title='bbox 356 2365 481 2440; x_wconf 78' lang='lat' dir='ltr'>Quanta</span> <span class='ocrx_word' id='word_1_196' title='bbox 495 2365 553 2423; x_wconf 83' lang='lat' dir='ltr'>fuit</span> <span class='ocrx_word' id='word_1_197' title='bbox 569 2365 598 2422; x_wconf 88' lang='lat' dir='ltr'>iu</span> <span class='ocrx_word' id='word_1_198' title='bbox 616 2364 651 2423; x_wconf 89' lang='lat' dir='ltr'>L.</span> <span class='ocrx_word' id='word_1_199' title='bbox 667 2363 800 2422; x_wconf 82' lang='lat' dir='ltr'>Caecilio</span> <span class='ocrx_word' id='word_1_200' title='bbox 815 2361 956 2424; x_wconf 79' lang='lat' dir='ltr'>Metello!</span> <span class='ocrx_word' id='word_1_201' title='bbox 979 2371 1093 2441; x_wconf 87' lang='lat' dir='ltr'>quanta</span> 
     </span>
     <span class='ocr_line' id='line_1_28' title="bbox 198 2441 1094 2521; baseline 0 -18"><span class='ocrx_word' id='word_1_202' title='bbox 198 2445 231 2503; x_wconf 92' lang='lat' dir='ltr'>in</span> <span class='ocrx_word' id='word_1_203' title='bbox 253 2444 352 2504; x_wconf 88' lang='lat' dir='ltr'>Atilio</span> <span class='ocrx_word' id='word_1_204' title='bbox 374 2444 533 2504; x_wconf 77' lang='lat' dir='ltr'>Calatino!</span> <span class='ocrx_word' id='word_1_205' title='bbox 558 2444 589 2502; x_wconf 93' lang='lat' dir='ltr'>in</span> <span class='ocrx_word' id='word_1_206' title='bbox 612 2463 700 2521; x_wconf 90' lang='lat' dir='ltr'>quem</span> <span class='ocrx_word' id='word_1_207' title='bbox 724 2442 802 2502; x_wconf 91' lang='lat' dir='ltr'>illud</span> <span class='ocrx_word' id='word_1_208' title='bbox 825 2442 973 2520; x_wconf 82' lang='lat' dir='ltr'>elogium:</span> <span class='ocrx_word' id='word_1_209' title='bbox 997 2441 1094 2504; x_wconf 81' lang='lat' dir='ltr'>Unum</span> 
     </span>
     <span class='ocr_line' id='line_1_29' title="bbox 198 2523 1094 2603; baseline 0 -21"><span class='ocrx_word' id='word_1_210' title='bbox 198 2525 276 2584; x_wconf 79' lang='lat' dir='ltr'>lrurrc</span> <span class='ocrx_word' id='word_1_211' title='bbox 294 2525 444 2603; x_wconf 81' lang='lat' dir='ltr'>plurimae</span> <span class='ocrx_word' id='word_1_212' title='bbox 468 2524 649 2583; x_wconf 72' lang='lat' dir='ltr'>manentium</span> <span class='ocrx_word' id='word_1_213' title='bbox 671 2529 770 2600; x_wconf 78' lang='lat' dir='ltr'>peotes</span> <span class='ocrx_word' id='word_1_214' title='bbox 792 2524 897 2600; x_wconf 79' lang='lat' dir='ltr'>populi</span> <span class='ocrx_word' id='word_1_215' title='bbox 911 2523 1094 2600; x_wconf 67' lang='lat' dir='ltr'>pritannium</span> 
     </span>
     <span class='ocr_line' id='line_1_30' title="bbox 200 2601 1092 2684; baseline -0.001 -20"><span class='ocrx_word' id='word_1_216' title='bbox 200 2605 296 2684; x_wconf 70' lang='lat' dir='ltr'>subse</span> <span class='ocrx_word' id='word_1_217' title='bbox 307 2606 409 2664; x_wconf 71' lang='lat' dir='ltr'>mucor.</span> <span class='ocrx_word' id='word_1_218' title='bbox 438 2603 555 2662; x_wconf 91' lang='lat' dir='ltr'>Notum</span> <span class='ocrx_word' id='word_1_219' title='bbox 567 2611 610 2662; x_wconf 89' lang='lat' dir='ltr'>est</span> <span class='ocrx_word' id='word_1_220' title='bbox 622 2622 742 2662; x_wconf 88' lang='lat' dir='ltr'>carmen</span> <span class='ocrx_word' id='word_1_221' title='bbox 758 2601 884 2661; x_wconf 89' lang='lat' dir='ltr'>incisum</span> <span class='ocrx_word' id='word_1_222' title='bbox 900 2604 931 2660; x_wconf 93' lang='lat' dir='ltr'>in</span> <span class='ocrx_word' id='word_1_223' title='bbox 946 2603 1092 2680; x_wconf 89' lang='lat' dir='ltr'>sepulcro.</span> 
     </span>
     <span class='ocr_line' id='line_1_31' title="bbox 144 2681 1093 2762; baseline 0 -20"><span class='ocrx_word' id='word_1_224' title='bbox 144 2682 183 2743; x_wconf 83' lang='lat'>30</span> <span class='ocrx_word' id='word_1_225' title='bbox 198 2683 274 2744; x_wconf 84' lang='lat' dir='ltr'>Jure</span> <span class='ocrx_word' id='word_1_226' title='bbox 293 2684 387 2762; x_wconf 87' lang='lat' dir='ltr'>igitur</span> <span class='ocrx_word' id='word_1_227' title='bbox 403 2683 514 2761; x_wconf 85' lang='lat' dir='ltr'>gravis,</span> <span class='ocrx_word' id='word_1_228' title='bbox 535 2684 619 2761; x_wconf 88' lang='lat' dir='ltr'>eujus</span> <span class='ocrx_word' id='word_1_229' title='bbox 639 2683 677 2740; x_wconf 93' lang='lat' dir='ltr'>de</span> <span class='ocrx_word' id='word_1_230' title='bbox 698 2681 840 2741; x_wconf 86' lang='lat' dir='ltr'>laudibus</span> <span class='ocrx_word' id='word_1_231' title='bbox 861 2682 996 2741; x_wconf 88' lang='lat' dir='ltr'>omnium</span> <span class='ocrx_word' id='word_1_232' title='bbox 1017 2691 1093 2742; x_wconf 90' lang='lat' dir='ltr'>esset</span> 
     </span>
     <span class='ocr_line' id='line_1_32' title="bbox 197 2760 1092 2838; baseline -0.004 -14"><span class='ocrx_word' id='word_1_233' title='bbox 197 2765 280 2825; x_wconf 86' lang='lat' dir='ltr'>fama</span> <span class='ocrx_word' id='word_1_234' title='bbox 294 2763 490 2823; x_wconf 87' lang='lat' dir='ltr'>consentiens.</span> <span class='ocrx_word' id='word_1_235' title='bbox 534 2761 633 2837; x_wconf 72' lang='lat' dir='ltr'>Quem</span> <span class='ocrx_word' id='word_1_236' title='bbox 649 2761 749 2821; x_wconf 88' lang='lat' dir='ltr'>virum</span> <span class='ocrx_word' id='word_1_237' title='bbox 766 2780 864 2838; x_wconf 91' lang='lat' dir='ltr'>nuper</span> <span class='ocrx_word' id='word_1_238' title='bbox 884 2761 918 2821; x_wconf 88' lang='lat' dir='ltr'>P.</span> <span class='ocrx_word' id='word_1_239' title='bbox 940 2760 1092 2834; x_wconf 84' lang='lat' dir='ltr'>Crassum,</span> 
     </span>
     <span class='ocr_line' id='line_1_33' title="bbox 196 2840 1092 2921; baseline -0.003 -18"><span class='ocrx_word' id='word_1_240' title='bbox 196 2843 369 2921; x_wconf 87' lang='lat' dir='ltr'>pontificem</span> <span class='ocrx_word' id='word_1_241' title='bbox 402 2842 581 2913; x_wconf 89' lang='lat' dir='ltr'>maximum,</span> <span class='ocrx_word' id='word_1_242' title='bbox 609 2861 698 2920; x_wconf 88' lang='lat' dir='ltr'>quem</span> <span class='ocrx_word' id='word_1_243' title='bbox 727 2849 830 2919; x_wconf 88' lang='lat' dir='ltr'>postea</span> <span class='ocrx_word' id='word_1_244' title='bbox 858 2840 901 2899; x_wconf 93' lang='lat' dir='ltr'>M.</span> <span class='ocrx_word' id='word_1_245' title='bbox 930 2841 1092 2919; x_wconf 92' lang='lat' dir='ltr'>Lepidum,</span> 
     </span>
     <span class='ocr_line' id='line_1_34' title="bbox 197 2919 1093 2999; baseline -0.002 -16"><span class='ocrx_word' id='word_1_246' title='bbox 197 2925 301 2984; x_wconf 91' lang='lat' dir='ltr'>eodem</span> <span class='ocrx_word' id='word_1_247' title='bbox 329 2922 496 2983; x_wconf 89' lang='lat' dir='ltr'>sacerdotio</span> <span class='ocrx_word' id='word_1_248' title='bbox 524 2921 706 2999; x_wconf 87' lang='lat' dir='ltr'>praeditum,</span> <span class='ocrx_word' id='word_1_249' title='bbox 735 2919 884 2981; x_wconf 85' lang='lat' dir='ltr'>vidimus!</span> <span class='ocrx_word' id='word_1_250' title='bbox 941 2919 1025 2995; x_wconf 74' lang='lat' dir='ltr'>Quid</span> <span class='ocrx_word' id='word_1_251' title='bbox 1055 2921 1093 2982; x_wconf 90' lang='lat' dir='ltr'>de</span> 
     </span>
     <span class='ocr_line' id='line_1_35' title="bbox 197 2999 1092 3079; baseline -0.003 -17"><span class='ocrx_word' id='word_1_252' title='bbox 197 3003 295 3062; x_wconf 91' lang='lat' dir='ltr'>Paulo</span> <span class='ocrx_word' id='word_1_253' title='bbox 322 3011 376 3062; x_wconf 91' lang='lat' dir='ltr'>aut</span> <span class='ocrx_word' id='word_1_254' title='bbox 403 3001 551 3061; x_wconf 86' lang='lat' dir='ltr'>Africano</span> <span class='ocrx_word' id='word_1_255' title='bbox 579 3001 695 3079; x_wconf 89' lang='lat' dir='ltr'>loquar,</span> <span class='ocrx_word' id='word_1_256' title='bbox 721 3009 784 3071; x_wconf 89' lang='lat' dir='ltr'>aut,</span> <span class='ocrx_word' id='word_1_257' title='bbox 809 3007 843 3060; x_wconf 91' lang='lat' dir='ltr'>ut</span> <span class='ocrx_word' id='word_1_258' title='bbox 863 3001 928 3079; x_wconf 91' lang='lat' dir='ltr'>jam</span> <span class='ocrx_word' id='word_1_259' title='bbox 954 3008 1033 3072; x_wconf 87' lang='lat' dir='ltr'>ante,</span> <span class='ocrx_word' id='word_1_260' title='bbox 1054 2999 1092 3059; x_wconf 92' lang='lat' dir='ltr'>de</span> 
     </span>
     <span class='ocr_line' id='line_1_36' title="bbox 144 3079 1093 3160; baseline -0.004 -18"><span class='ocrx_word' id='word_1_261' title='bbox 144 3080 182 3142; x_wconf 82' lang='lat'>35</span> <span class='ocrx_word' id='word_1_262' title='bbox 197 3082 356 3143; x_wconf 79' lang='lat' dir='ltr'>Maximo?</span> <span class='ocrx_word' id='word_1_263' title='bbox 377 3101 505 3160; x_wconf 89' lang='lat' dir='ltr'>quorum</span> <span class='ocrx_word' id='word_1_264' title='bbox 520 3100 579 3139; x_wconf 93' lang='lat' dir='ltr'>non</span> <span class='ocrx_word' id='word_1_265' title='bbox 595 3081 627 3138; x_wconf 90' lang='lat' dir='ltr'>in</span> <span class='ocrx_word' id='word_1_266' title='bbox 642 3081 789 3140; x_wconf 89' lang='lat' dir='ltr'>sententia</span> <span class='ocrx_word' id='word_1_267' title='bbox 812 3080 918 3152; x_wconf 91' lang='lat' dir='ltr'>solum,</span> <span class='ocrx_word' id='word_1_268' title='bbox 933 3079 985 3139; x_wconf 90' lang='lat' dir='ltr'>sed</span> <span class='ocrx_word' id='word_1_269' title='bbox 1000 3080 1093 3139; x_wconf 91' lang='lat' dir='ltr'>etiam</span> 
     </span>
     <span class='ocr_line' id='line_1_37' title="bbox 196 3160 1093 3232; baseline 0 -12"><span class='ocrx_word' id='word_1_270' title='bbox 196 3163 228 3221; x_wconf 94' lang='lat' dir='ltr'>in</span> <span class='ocrx_word' id='word_1_271' title='bbox 243 3171 320 3222; x_wconf 94' lang='lat' dir='ltr'>nutu</span> <span class='ocrx_word' id='word_1_272' title='bbox 335 3161 485 3221; x_wconf 88' lang='lat' dir='ltr'>residebat</span> <span class='ocrx_word' id='word_1_273' title='bbox 504 3160 676 3220; x_wconf 90' lang='lat' dir='ltr'>auctoritas.</span> <span class='ocrx_word' id='word_1_274' title='bbox 718 3161 823 3220; x_wconf 87' lang='lat' dir='ltr'>Habet</span> <span class='ocrx_word' id='word_1_275' title='bbox 840 3169 985 3232; x_wconf 87' lang='lat' dir='ltr'>senectus,</span> <span class='ocrx_word' id='word_1_276' title='bbox 1000 3160 1093 3220; x_wconf 92' lang='lat' dir='ltr'>hono·</span> 
     </span>
     <span class='ocr_line' id='line_1_38' title="bbox 195 3239 1092 3320; baseline 0 -19"><span class='ocrx_word' id='word_1_277' title='bbox 195 3250 264 3301; x_wconf 87' lang='lat' dir='ltr'>rata</span> <span class='ocrx_word' id='word_1_278' title='bbox 279 3240 462 3319; x_wconf 88' lang='lat' dir='ltr'>praesertim,</span> <span class='ocrx_word' id='word_1_279' title='bbox 474 3249 591 3301; x_wconf 88' lang='lat' dir='ltr'>tantam</span> <span class='ocrx_word' id='word_1_280' title='bbox 607 3241 828 3312; x_wconf 89' lang='lat' dir='ltr'>auctoritatem,</span> <span class='ocrx_word' id='word_1_281' title='bbox 845 3250 878 3301; x_wconf 90' lang='lat' dir='ltr'>ut</span> <span class='ocrx_word' id='word_1_282' title='bbox 893 3261 928 3300; x_wconf 92' lang='lat' dir='ltr'>ea</span> <span class='ocrx_word' id='word_1_283' title='bbox 942 3240 1039 3320; x_wconf 86' lang='lat' dir='ltr'>pluris</span> <span class='ocrx_word' id='word_1_284' title='bbox 1052 3239 1092 3301; x_wconf 90' lang='lat' dir='ltr'>sit</span> 
     </span>
     <span class='ocr_line' id='line_1_39' title="bbox 195 3320 832 3398; baseline 0.002 -19"><span class='ocrx_word' id='word_1_285' title='bbox 195 3340 285 3398; x_wconf 90' lang='lat' dir='ltr'>quarn</span> <span class='ocrx_word' id='word_1_286' title='bbox 302 3341 403 3379; x_wconf 88' lang='lat' dir='ltr'>ornnes</span> <span class='ocrx_word' id='word_1_287' title='bbox 417 3320 637 3380; x_wconf 87' lang='lat' dir='ltr'>adolescentiae</span> <span class='ocrx_word' id='word_1_288' title='bbox 652 3321 832 3398; x_wconf 89' lang='lat' dir='ltr'>voluptates.</span> 
     </span>
     <span class='ocr_line' id='line_1_40' title="bbox 171 3399 1092 3482; baseline 0.001 -22"><span class='ocrx_word' id='word_1_289' title='bbox 171 3403 214 3482; x_wconf 52' lang='lat' dir='ltr'>ej.</span> <span class='ocrx_word' id='word_1_290' title='bbox 235 3399 363 3461; x_wconf 83' lang='lat' dir='ltr'>xvfll.</span> <span class='ocrx_word' id='word_1_291' title='bbox 386 3400 444 3461; x_wconf 81' lang='lat' dir='ltr'>Sed</span> <span class='ocrx_word' id='word_1_292' title='bbox 460 3399 588 3460; x_wconf 90' lang='lat' dir='ltr'>inomni</span> <span class='ocrx_word' id='word_1_293' title='bbox 609 3400 744 3461; x_wconf 90' lang='lat' dir='ltr'>oratioue</span> <span class='ocrx_word' id='word_1_294' title='bbox 760 3407 941 3461; x_wconf 87' lang='lat' dir='ltr'>mementote</span> <span class='ocrx_word' id='word_1_295' title='bbox 957 3419 1024 3459; x_wconf 90' lang='lat' dir='ltr'>eam</span> <span class='ocrx_word' id='word_1_296' title='bbox 1043 3418 1092 3462; x_wconf 88' lang='lat' dir='ltr'>me</span> 
     </span>
    </p>
   </div>
   <div class='ocr_carea' id='block_1_3' title="bbox 0 0 1266 3712">
    <p class='ocr_par' dir='ltr' id='par_1_3' title="bbox 0 0 1266 3712">
     <span class='ocr_line' id='line_1_41' title="bbox 0 0 1266 3712; baseline 0 0"><span class='ocrx_word' id='word_1_297' title='bbox 0 0 1266 3712; x_wconf 95' lang='lat' dir='ltr'> </span> 
     </span>
    </p>
   </div>
  </div>
 </body>
</html>
