2524 3712
439 191 750 268 enrownaroa.
1060 177 1101 240 15

147 351 268 432 quietus
302 358 332 412 et
366 350 515 424 remissus,
547 351 682 428 facitque
715 370 857 429 persaepe
890 348 956 429 ipsa
989 349 1048 410 sibi

148 431 335 491 audientiam
359 431 463 490 diserti
487 432 565 490 senis
591 432 757 508 composita
781 440 811 490 et
833 431 916 490 mitis
940 431 1046 522 OQ

80 563 84 580 ,
149 511 250 587 Quam
265 514 291 570 si
305 513 368 589 ipse
382 513 506 589 exsequi
520 531 659 590 nequeas
675 511 768 589 possis
789 519 890 570 tamen
912 509 1048 586 Scipioni
1141 543 1143 548 ι

147 591 322 670 praecipere
335 600 366 650 et
380 591 494 652 Laelio.
524 591 609 668 Quid
620 591 701 650 enim
714 599 759 650 est
769 590 936 670 jucundius
950 611 1048 649 senee-

148 679 215 730 tute
234 672 348 749 stipata
368 671 475 730 studiis
491 671 681 750 juventutis?
721 670 775 730 An
795 690 834 729 ne
854 691 904 730 eas
925 670 1048 748 quidem
1083 669 1102 732 5

148 751 229 812 vires
251 751 399 811 senectuti
422 751 631 830 relinquimus,
648 759 684 810 ut
705 750 909 811 adolescentes
932 750 1048 823 doceat,

149 830 299 904 instituat,
311 830 350 890 ad
361 851 450 891 omne
460 831 551 892 officii
560 851 671 891 munus
681 829 837 891 instruat?
851 851 910 908 quo
925 829 1048 909 quidem

149 931 239 990 opere
252 911 327 989 quid
342 920 440 989 potest
453 931 514 972 esse
528 911 735 990 praeclarius?
776 910 855 970 Mihi
866 920 982 980 veroet
993 910 1048 970 Cn.

148 999 181 1050 et
194 989 229 1050 P.
244 990 398 1068 Scipiones
413 1001 443 1050 et
457 992 508 1052 avi
522 991 568 1051 tui
582 991 652 1064 duo,
662 991 698 1052 L.
708 989 861 1052 Aemilius
875 1000 905 1050 et
916 991 951 1050 P.
966 989 1049 1049 Afri·

149 1091 253 1146 canus,
262 1071 408 1130 comitatu
422 1071 572 1131 nobilium
582 1072 732 1151 juvenum
746 1070 895 1131 fortunati
905 1070 1050 1131 videban-
1065 1070 1103 1131 10

150 1159 220 1224 tur;
245 1173 300 1211 nec
324 1151 381 1210 ulli
406 1151 555 1211 bonarum
584 1151 697 1210 artium
725 1151 863 1229 magistri
885 1171 947 1210 non
967 1149 1080 1210 beatio

172 1232 290 1304 utandi,
299 1232 438 1310 quamvis
454 1231 665 1292 consenuerint
675 1230 755 1292 vires
770 1241 861 1308 atque
869 1231 1049 1290 defecerint.

149 1251 219 1371 lissi
247 1312 313 1390 ipsa
341 1313 400 1372 ista
427 1311 557 1372 defectio
580 1312 693 1373 virium
721 1310 942 1371 adolescentiae
967 1311 1050 1371 vitiis
1120 1303 1129 1318 ⁸

151 1392 281 1452 efficitur
294 1392 413 1470 saepius
427 1412 520 1470 quam
534 1392 712 1465 senectutis;
735 1391 898 1451 libidinosa
918 1391 999 1450 enim
1019 1399 1050 1450 et
1076 1391 1078 1396 ’

151 1472 355 1551 intemperans
369 1473 574 1532 adolescentia
588 1471 709 1531 effetum
721 1491 828 1551 eorpus
842 1471 938 1531 tradit
951 1491 1048 1530 senee-
1066 1469 1104 1530 15

151 1553 219 1612 tuti.
261 1552 359 1631 Cyrus
374 1553 496 1630 quidem
519 1552 602 1631 apud
616 1551 851 1629 Xenophontem
865 1571 900 1611 eo
914 1549 1050 1620 sermone

151 1651 241 1711 quem
262 1633 392 1692 moriens
412 1632 530 1704 habuit,
553 1651 647 1710 quum
668 1631 832 1690 admodum
853 1648 945 1690 senex
966 1639 1050 1703 esset,

137 1721 243 1790 'negat
267 1733 298 1772 se
323 1733 467 1790 umquam
491 1712 616 1772 sensisse
641 1719 826 1771 senectutem
849 1731 935 1770 suam
959 1710 1050 1770 imbe-
1090 1750 1093 1756 -

152 1793 300 1852 cilliorem
315 1792 428 1852 factam
443 1812 534 1870 quam
549 1791 753 1852 adolescentia
770 1791 883 1850 fuisset.
926 1790 992 1868 Ego
1014 1790 1050 1850 L

152 1869 311 1932 Metellum
332 1873 456 1931 memini
470 1892 555 1951 puer,
571 1872 632 1950 qui,
648 1891 742 1950 quum
764 1871 962 1949 quadriennio
984 1879 1051 1948 post
1066 1872 1105 1932 20

152 1951 283 2011 alterum
304 1952 494 2012 consulatum
515 1951 654 2030 pontifex
675 1950 830 2010 maximus
849 1951 947 2010 faetus
966 1959 1050 2023 esset,

151 2032 263 2110 viginti
282 2032 357 2092 duos
380 2052 474 2092 annos
497 2031 525 2091 ei
547 2031 714 2091 sacerdotio
735 2029 878 2109 praefuit,
899 2029 943 2088 ita
965 2029 1051 2090 bouis

151 2122 214 2170 ess'e
225 2112 340 2172 viribus
350 2122 487 2172 extremo
498 2120 633 2189 tempore
644 2110 760 2182 aetatis,
771 2118 806 2169 ut
817 2109 1051 2170 adolescentiam
1076 2177 1081 2186 ,

151 2209 213 2250 non
228 2192 401 2270 requireret.
443 2191 532 2250 Nihil
554 2211 673 2250 necesse
694 2198 739 2249 est
759 2189 837 2249 mihi
858 2190 965 2250 deme
985 2191 1064 2268 ipso.

152 2270 269 2344 dicere;
299 2291 482 2350 quamquam
507 2279 551 2330 est
576 2270 609 2330 id
632 2270 755 2350 quidem
778 2270 874 2340 senile
898 2271 1051 2349 aetatique
1066 2273 1105 2349 25

151 2360 272 2411 nostrae
286 2351 466 2412 conceditur

190 2430 234 2491 X.
249 2430 409 2492 Videtisne
424 2441 458 2490 ut
472 2431 554 2509 apud
570 2430 739 2491 Homerum
753 2429 926 2510 saepissime
940 2429 1052 2491 Nestor

151 2509 190 2571 de
216 2511 382 2571 virtutibus
409 2512 471 2570 suis
498 2511 674 2589 praedicet?
715 2510 850 2570 Tertiam
879 2512 960 2570 enim
984 2511 1051 2590 jam

151 2599 281 2652 aetatem
302 2591 461 2651 hominum
475 2590 609 2663 vivebat,
624 2611 680 2650 nee
700 2600 766 2650 erat
779 2591 807 2650 ei
821 2591 998 2663 verendum,
1014 2612 1052 2650 ne
1074 2614 1085 2635 ·

150 2690 223 2732 vera
233 2671 411 2750 praedicans
422 2671 460 2730 de
473 2691 505 2730 se
519 2671 609 2730 nimis
619 2669 775 2732 videretur
789 2680 842 2730 aut
853 2670 984 2730 insolens
998 2680 1052 2730 aut
1066 2672 1105 2732 30

150 2749 273 2829 loquax.
316 2751 450 2823 Etenim,
460 2759 495 2810 ut
505 2751 549 2810 ait
560 2749 722 2821 Homerus,
734 2771 769 2810 ea
783 2751 960 2828 ejectaque
969 2751 1052 2810 melle

151 2829 265 2890 dulcior
282 2831 395 2910 fluebat
416 2831 517 2890 oratio.
561 2829 664 2905 Quam
688 2830 727 2889 ad
750 2831 931 2890 suavitatem
956 2829 1051 2890 nullis

150 2911 258 2988 egebat
272 2911 405 3018 corporis
415 2910 541 2973 viribus.
583 2909 626 2970 Et
640 2919 742 2969 tamen
757 2910 823 2968 dux
837 2909 890 2969 ille
904 2909 1051 2970 Graeciae

149 3010 300 3068 nusquam
320 2999 415 3069 optat,
430 2999 465 3049 ut
479 2989 585 3069 Ajacis
605 2989 718 3048 similes
739 2989 850 3048 habeat
872 2990 984 3062 (lacem,
999 2990 1051 3048 sed

150 3078 185 3129 ut
199 3069 352 3142 Nestoris;
374 3070 454 3149 quod
469 3069 496 3128 si
509 3069 567 3128 sibi
581 3069 737 3139 accubuit,
753 3091 814 3128 uon
836 3069 959 3128 dubitat
977 3070 1051 3147 quin
1067 3073 1106 3131 35

150 3149 236 3210 brevi
246 3151 286 3208 sit
297 3149 541 3228 Trojaperitura.
582 3149 854 3208 Seslredeoadme.
898 3149 1051 3225 Quartum

149 3250 207 3307 ago
229 3249 343 3288 annum
368 3240 398 3288 et
420 3229 651 3308 octogesimum
673 3228 785 3289 vellem
807 3229 947 3307 equidem
969 3229 1051 3288 idem

148 3327 265 3388 possem
287 3308 527 3386 gloriariquod
552 3307 668 3386 Cyrus3
689 3308 741 3367 sed
764 3316 866 3366 tamen
891 3307 948 3366 hoc
974 3328 1050 3384 queo
1078 3329 1099 3354 ι

148 3387 259 3462 dicere,
272 3408 334 3448 non
357 3409 406 3449 me
425 3387 549 3467 quidem
571 3387 609 3446 iis
632 3407 694 3446 esse
717 3385 843 3459 viribus,
864 3385 973 3463 quibus
997 3395 1051 3446 aut
