2524 3712
396 697 444 769 M.
461 698 621 771 TULLII
645 699 895 772 CICERONIS

322 859 565 1018 caro
629 905 679 1007 n
713 905 753 1008 A
788 904 886 1049 Jo
920 905 966 1008 a

461 1146 526 1210 DE
548 1146 826 1214 SENECTUTE

402 1337 446 1402 llll
467 1337 494 1404 l.
514 1335 710 1404 POMPONIUM
728 1340 885 1408 alliodo.

204 1622 230 1686 Ῑ.
312 1637 419 1696 O'l'rrn,
435 1637 458 1687 si
471 1639 535 1702 quid
548 1643 574 1690 te
588 1641 698 1704 adjuero
712 1658 833 1692 curamve
846 1643 957 1703 levasso,

311 1705 381 1761 Quae
394 1719 462 1753 nunc
476 1711 500 1754 te
514 1708 603 1768 coquit
616 1713 642 1755 et
653 1714 743 1757 versat
756 1710 783 1756 in
796 1717 902 1772 pectore
915 1712 976 1771 fixa,

309 1771 412 1832 Ecquid
424 1772 476 1820 erit
487 1773 605 1834 praemit

168 1885 256 1948 Licet
283 1889 363 1947 enim
381 1888 467 1960 ¹mihi
487 1889 623 1952 versibus
650 1890 756 1951 iisdem
778 1890 865 1950 affari
893 1898 934 1965 te,
955 1890 1071 1968 Attice,

168 1967 277 2046 quibus
291 1969 402 2028 affatur
418 1969 630 2032 Flamininum.
1106 1971 1126 2032 5

312 2097 359 2146 Ille
372 2097 413 2145 vir
425 2097 496 2146 haud
508 2114 604 2162 magna
616 2114 675 2147 cum
686 2115 723 2160 re,
739 2098 785 2148 sed
798 2097 891 2162 plenus
903 2099 983 2148 fidei:

167 2231 353 2292 quamquam
368 2223 448 2274 certo
463 2213 533 2288 scio,
548 2235 619 2288 non,
634 2223 668 2274 ut
683 2214 905 2288 Flamininum,

311 2342 454 2391 Sollicitari
467 2346 501 2403 te,
516 2341 579 2404 Tite,
593 2343 631 2392 sic
644 2347 787 2405 noctesque
800 2343 923 2405 diesque;

166 2459 239 2520 novi
263 2461 344 2520 enim
369 2459 607 2520 moderationem
632 2459 727 2520 animi
751 2460 797 2520 tui
822 2469 852 2520 et
876 2459 1070 2538 aequitatem,

167 2549 257 2618 teque
277 2561 338 2599 non
360 2561 527 2618 cognomen
547 2541 643 2600 solum
665 2541 798 2600 Athenis
819 2540 999 2618 deportasse,
1014 2539 1066 2600 sed
1082 2539 1121 2599 10

166 2619 387 2680 humanitatem
410 2629 439 2680 et
460 2620 654 2699 prudentiam
676 2620 824 2698 intelligo.
866 2619 909 2678 Et
923 2628 1026 2678 tamen
1040 2627 1071 2680 tc

166 2689 432 2777 suspicol'iisdem
458 2699 555 2773 rebus,
578 2700 689 2778 quibus
714 2720 762 2758 me
786 2699 894 2778 ipsum,
915 2698 1070 2757 interdum

166 2779 290 2858 gravius
305 2780 508 2851 commoveri3
531 2801 660 2858 quarum
677 2778 842 2840 consolatio
863 2788 893 2838 et
914 2779 1010 2856 maj0r
1024 2787 1069 2838 est

165 2869 195 2917 et
216 2861 247 2917 in
269 2853 353 2946 al{ud
375 2869 492 2938 tempus
515 2861 689 2920 differenda.
733 2857 824 2918 Nunc
846 2869 947 2918 autom
969 2859 1069 2919 visum

165 2947 210 2998 est
225 2941 300 2998 mihi
311 2942 348 3001 dc
359 2951 516 3002 senectute
529 2942 646 3019 aliquid
661 2940 701 2998 ad
715 2949 746 3000 te
762 2940 956 3000 conscribere.
997 2937 1068 2998 Hoc
1085 2936 1123 2996 15

165 3020 245 3078 euim
267 3043 365 3094 onere,
381 3021 462 3099 quod
485 3021 560 3080 mihi
583 3041 742 3097 commune
757 3029 857 3080 tecum
871 3029 924 3092 est,
939 3025 992 3078 aut
1002 3019 1068 3097 jam

164 3102 299 3178 urgentis
313 3114 367 3161 aut
382 3111 462 3161 carte
477 3101 672 3160 adventantis
686 3101 847 3160 senectutis
868 3109 898 3160 et
919 3108 948 3159 te
969 3105 999 3158 et
1020 3118 1069 3158 me

164 3178 264 3256 ipsum
279 3181 376 3241 levari
391 3181 479 3242 volo:
503 3180 558 3239 etsi
573 3189 603 3240 te
618 3180 740 3258 quidem
761 3179 794 3238 id
809 3179 927 3239 modice
940 3197 976 3237 ac
991 3177 1068 3256 sapi-

163 3270 258 3332 enter,
274 3262 353 3320 sicut
368 3260 479 3330 omnia,
495 3268 525 3319 et
540 3260 617 3318 ferre
632 3268 662 3318 et
676 3259 811 3318 laturum
825 3279 886 3316 esse
901 3266 982 3316 certo
997 3259 1067 3316 scic.

137 3351 141 3365 ¹
162 3339 224 3400 Sed
239 3341 324 3413 mihi,
340 3346 434 3418 quum
449 3339 487 3398 de
500 3347 654 3399 senectute
667 3337 779 3398 vellem
794 3336 913 3414 aliquid
926 3333 1066 3404 scribere,
1082 3333 1122 3391 20

958 3429 973 3476 ὅ
