2524 3712
497 213 712 263 neamus.
1067 197 1110 264 53

156 370 311 432 fortunato
325 369 547 430 intolerabilius
561 371 625 430 fieri
640 377 746 449 potest.
788 369 893 449 Atque
913 370 971 431 hoc
992 371 1057 452 qui-

156 451 225 511 dem
247 451 351 511 videre
380 450 460 522 licet,
481 470 540 523 eos,
562 452 614 528 qui
639 461 729 510 antea
757 451 919 510 commodis
943 452 1057 512 fuerint

156 531 299 602 moribus,
311 531 447 608 imperio,
459 539 616 607 potestate,
628 530 778 608 prosperis
790 530 879 589 rebus
890 533 1056 605 immutari,

156 611 258 688 sperni
273 609 312 669 ab
327 611 363 668 iis
378 619 493 669 veteres
507 610 666 680 amicitias,
682 609 834 688 indulgeri
849 613 944 673 novis.
973 614 1057 689 Quid

157 699 260 750 autem
280 689 404 748 stultius
425 708 525 765 quam,
542 709 635 766 quum
657 689 824 767 plurimum
848 693 949 770 copiis,
964 694 1058 753 facul·
1092 693 1111 752 5

157 770 282 841 tatibus,
298 769 405 847 opibus
420 769 543 846 possint,
559 776 658 828 cetera
680 790 798 848 parare,
814 793 891 850 quae
911 784 1059 852 parantur

158 850 296 928 pecunia,
315 868 414 927 equos,
432 849 571 922 ramulos,
587 859 701 910 vestem
725 853 886 930 egregiam,
901 875 974 915 vasa
994 875 1058 932 pre·

158 931 235 990 tiosa
244 951 252 1000 3
274 929 386 988 amicos
402 949 463 988 non
480 949 597 1006 parare,
612 933 761 1011 optimam
776 942 807 992 et
821 935 1058 1014 pulcherrimam

159 1011 250 1083 vitae,
272 1019 306 1069 ut
328 1010 372 1070 ita
396 1008 507 1081 dicam,
528 1010 771 1088 supellectilem?
813 1014 935 1074 Etenim
961 1024 1059 1074 cetera

159 1113 253 1170 quum
275 1099 394 1168 parant,
416 1090 466 1149 cui
487 1099 596 1168 parent
619 1094 758 1154 nesciunt
782 1115 837 1154 nec
860 1095 945 1172 cujus
970 1115 1059 1154 causa
1075 1092 1113 1152 10

159 1171 315 1242 laborent;
337 1172 400 1249 ejus
422 1171 502 1230 enim
525 1179 570 1230 est
590 1172 716 1233 istorum
737 1175 880 1253 quidque,
895 1175 947 1252 qui
963 1175 1059 1235 vincit
1092 1181 1097 1240 1

160 1251 296 1313 viribus:
318 1251 522 1311 amicitiarum
549 1272 604 1312 sua
627 1254 736 1331 cuique
760 1265 918 1333 permanet
941 1254 1059 1313 stabilis

160 1340 192 1391 et
205 1341 288 1392 certa
301 1331 454 1409 possessio,
467 1340 510 1405 ut,
522 1333 615 1392 etiam
629 1334 654 1392 si
669 1333 725 1393 illa
739 1345 889 1406 maneant,
901 1342 1059 1412 quaesunt

161 1413 246 1490 quasi
268 1412 348 1470 dona
369 1410 532 1483 Fortunae,
549 1421 649 1472 tamen
665 1414 730 1473 vita
752 1413 869 1472 inculta
890 1424 921 1472 et
943 1414 1060 1473 deserta

160 1491 201 1552 ab
221 1491 327 1551 amicis
347 1511 408 1550 non
429 1492 522 1570 possit
545 1513 607 1552 esse
626 1493 773 1572 jucunda.
814 1492 874 1554 Sed
894 1493 969 1553 haec
990 1492 1112 1553 hac-15

159 1582 255 1633 tenua

66 1635 187 1748 A(
203 1652 296 1713 XVI.
320 1651 530 1714 Constituendi
553 1661 654 1712 autern
677 1663 757 1728 sunt,
774 1653 827 1732 qui
851 1654 912 1714 sint
933 1653 965 1713 in
988 1653 1060 1712 ami·

162 1733 235 1794 oitia
249 1733 322 1792 fines
337 1742 367 1792 et
382 1734 468 1811 quasi
482 1733 605 1793 termini
623 1733 789 1812 diligendi3
810 1733 849 1793 de
869 1733 979 1811 quibus
1000 1743 1059 1793 tres

162 1813 252 1875 video
270 1813 434 1872 sententias
452 1813 533 1884 ferri,
549 1832 678 1891 quarum
692 1813 809 1873 nullam
825 1815 935 1892 probo:
956 1833 1058 1885 unam,

162 1902 198 1952 ut
225 1892 330 1952 eodem
358 1892 447 1952 modo
476 1913 549 1972 erga
579 1893 711 1952 amioum
743 1894 842 1954 affecti
874 1894 967 1952 simus
1001 1913 1059 1972 quo
1075 1895 1113 1956 20

162 1993 235 2052 erga
262 1981 378 2034 nosmet
407 1972 503 2050 ipsos;
532 1973 670 2046 alteram,
698 1982 733 2032 ut
759 1981 862 2032 nostra
889 1973 920 2032 in
948 1973 1064 2042 amicos⁴

162 2051 375 2114 benevolentia
396 2052 519 2112 illorum
540 2072 612 2130 erga
633 2073 686 2112 nos
706 2052 933 2113 benevolentiae
947 2053 1061 2130 pariter

162 2133 390 2210 aequaliterque
405 2132 601 2210 respondeat;
616 2131 746 2208 tertiam,
759 2141 802 2205 ut,
812 2134 918 2210 quanti
934 2132 1060 2210 quisque

91 2243 95 2248 ·
162 2233 195 2272 se
215 2213 279 2290 ipse
299 2212 403 2285 faciat,
420 2213 498 2272 tanti
524 2211 578 2271 fiat
603 2211 642 2270 ab
667 2212 779 2271 amicis.
821 2211 942 2271 Harum
967 2213 1058 2271 trium

162 2292 381 2352 sententiarum
394 2291 474 2350 nulli
488 2312 611 2370 prorsus
625 2292 778 2350 assentior.
821 2291 886 2351 Nec
905 2292 986 2350 enim
1005 2290 1060 2350 illa
1075 2293 1113 2352 25

163 2373 263 2464 prima
276 2391 349 2432 vera
363 2381 415 2444 est,
431 2379 473 2443 ut,
489 2371 743 2449 quemadmodum
764 2371 796 2429 in
818 2391 848 2430 se
869 2372 1003 2449 quisque,
1017 2370 1060 2430 sio

163 2471 196 2511 m
221 2451 352 2512 amicum
377 2451 417 2511 sit
439 2451 608 2523 animatus;
629 2471 720 2529 quam
747 2450 845 2510 multa
868 2451 958 2522 enim,
983 2470 1060 2528 quae

163 2541 266 2592 nostra
291 2551 380 2591 causa
397 2551 562 2609 numquam
590 2531 763 2602 faceremus,
787 2530 913 2590 facimus
938 2531 1058 2606 [causa]

163 2611 344 2672 amicorum!
366 2611 483 2688 precari
497 2610 537 2670 ab
552 2609 687 2689 indigno,
702 2609 882 2690 supplicare,
896 2618 961 2670 tum
981 2629 1060 2670 acer-

164 2690 231 2751 bius
256 2692 286 2749 iu
312 2686 446 2768 aliquem
473 2689 587 2763 invehi,
612 2691 813 2768 insectarique
837 2689 1058 2762 uehementius,
1075 2691 1114 2751 30

164 2791 241 2850 quae
256 2771 287 2829 in
301 2770 410 2829 nostris
425 2768 590 2830 rehus‘non
608 2771 682 2830 satis
699 2771 831 2843 honeste,
845 2770 877 2828 in
894 2770 1059 2829 amicorum

164 2853 242 2910 hunt
257 2849 660 2928 honestissime;multaeque
681 2870 728 2909 res
748 2859 828 2924 sunt,
844 2850 875 2908 in
895 2849 1004 2927 quibus
1023 2848 1061 2907 de

163 2931 224 2990 suis
239 2929 403 2990 commodis
417 2929 476 2988 viri
490 2928 562 2988 boni
581 2929 679 2988 multa
700 2929 865 2989 detrahunt
883 2929 1061 3006 detrahique

163 3009 331 3088 patiuntur,
352 3017 387 3068 ut
411 3007 447 3067 iis
472 3008 562 3067 amici
586 3003 686 3086 pdtius
710 3029 801 3088 quarn
826 3009 883 3086 ipsi
908 3009 1057 3068 fruantur.

163 3089 273 3148 Altera
291 3088 440 3148 sententia
455 3096 507 3159 est,
523 3107 600 3165 quae
621 3088 728 3147 definit
748 3089 916 3148 amicitiam
936 3088 1059 3168 paribus
1075 3089 1113 3149 35

164 3168 269 3228 officiis
284 3187 319 3226 ac
334 3167 551 3228 voluntatibus.
582 3166 651 3226 Hoc
662 3167 783 3245 quidem
794 3178 838 3228 est
848 3168 940 3228 nimis
951 3168 1060 3246 exigue

163 3255 194 3308 et
208 3247 330 3308 exiliter
351 3247 391 3306 ad
414 3246 548 3306 calculos
571 3266 678 3306 vocare
698 3246 874 3319 amicitiam,
891 3256 925 3306 ut
945 3268 1001 3326 par
1021 3248 1060 3307 sit

163 3327 242 3386 ratio
270 3336 462 3404 acceptorum
490 3333 520 3384 et
547 3324 695 3384 datorum.
752 3325 888 3386 Divitior
923 3327 1000 3385 mihi
1030 3335 1060 3385 et

164 3404 335 3468 affluentior
353 3401 476 3465 videtur
495 3423 558 3464 esse
576 3424 649 3466 vera
669 3403 805 3464 amicitia
825 3425 880 3464 neo
901 3403 1060 3464 observare
