2524 3712
503 209 720 258 LAELIUS.

161 373 344 444 anteponere
373 364 510 425 solemne.
567 365 700 444 Indigna
734 364 856 425 homine
890 363 1058 424 dubitatiol

162 445 232 505 Non
258 446 336 504 enim
364 444 475 505 debent
497 465 557 505 esse
585 445 799 516 amicitiarum,
823 445 902 504 sicut
929 444 1059 504 aliarum

161 545 272 596 rerum,
300 526 470 584 satietates:
492 525 654 585 veterrima
682 544 827 602 quaeque,
852 532 887 584 ut
914 543 949 583 ea
978 525 1058 597 vina,

162 625 240 682 quae
273 613 455 664 vetustatem
495 605 605 676 ferunt,
641 623 703 663 esse
742 603 832 663 debet
871 604 1057 676 suavissima,

161 704 326 762 verumque
340 683 417 742 illud
432 693 485 755 est,
501 685 581 761 quod
596 683 717 754 dicitur,
732 683 843 743 multos
859 683 973 742 modios
989 683 1060 744 salis
1094 684 1114 746 5

162 764 251 822 simul
266 764 396 823 edendos
410 783 480 836 esse,
497 775 531 822 ut
546 763 698 822 amicitiae
713 783 822 822 munus
841 762 997 840 expletum
1011 764 1059 823 sit.

162 842 320 902 Novitates
345 854 456 915 autem,
478 843 503 902 si
528 863 611 921 spem
636 843 766 902 afferunt
791 850 825 902 ut
849 851 1003 920 tamquam
1027 843 1059 901 in

162 921 262 980 herbis
276 943 335 980 non
351 922 513 982 fallacibus
527 923 645 982 fructus
660 931 815 1000 appareat,
830 943 889 981 nou
905 930 976 980 sunt
989 921 1061 981 illae

161 1001 283 1078 quidem
307 1002 523 1080 repudiandae,
547 1011 681 1063 vetustas
705 1014 805 1060 tamen
829 1021 882 1060 suo
905 1000 971 1062 loco
993 1022 1060 1060 eon·
1085 1047 1088 1054 .

161 1081 327 1152 servanda3
349 1083 485 1140 maxima
512 1091 556 1142 est
583 1082 664 1141 enim
691 1081 737 1141 vis
762 1081 919 1141 vetustatis
941 1090 971 1140 et
993 1081 1113 1142 con-10

161 1160 338 1220 suetudinis,
391 1161 475 1237 Quin
515 1163 579 1240 ipso
616 1182 703 1240 equo,
736 1162 821 1242 eujus
856 1161 960 1220 modo·
980 1181 1060 1220 men·
1099 1189 1109 1274 p

160 1241 274 1299 tionem
290 1240 357 1312 feci,
372 1240 397 1298 si
418 1240 505 1300 nulla
519 1262 565 1302 res
581 1241 738 1320 impediat,
755 1261 843 1300 nemo
863 1249 908 1300 est
928 1239 1000 1318 quin
1016 1260 1060 1312 e0,

162 1339 222 1396 quo
243 1320 407 1392 consuevit,
429 1320 573 1380 libentius
602 1331 708 1380 utatur
730 1340 821 1398 quam
847 1319 1011 1379 intractato
1031 1329 1061 1380 et

161 1419 258 1470 novo;
280 1419 335 1458 nec
350 1420 421 1460 vero
444 1401 475 1458 in
501 1401 568 1472 hoc,
583 1400 664 1479 quod
688 1410 733 1460 est
756 1399 880 1470 animal,
896 1399 946 1459 sed
970 1399 1000 1458 in
1024 1400 1060 1459 iis

162 1479 254 1537 etiam
279 1499 357 1556 quae
381 1489 452 1538 suut
476 1480 621 1552 inanima,
647 1479 832 1540 consuetudo
853 1479 945 1550 valet,
966 1499 1060 1557 quum
1076 1479 1114 1540 15

162 1556 235 1618 locis
246 1559 317 1636 ipsis
329 1559 522 1631 delectemur,
535 1561 699 1620 montuosis
710 1560 801 1620 etiam
818 1568 848 1619 et
862 1557 1059 1631 silvestribus,

162 1637 195 1696 in
210 1638 318 1715 quibus
333 1637 447 1698 diutius
462 1641 640 1698 commorati
654 1659 766 1700 sumus.
809 1638 868 1700 Sed
892 1639 1061 1698 maximum

162 1727 207 1776 est
225 1717 255 1774 in
274 1717 411 1776 amicitia
432 1737 536 1796 parem
558 1739 619 1778 esse
640 1719 792 1792 inferiori;
815 1739 903 1798 saepe
917 1720 997 1778 enim
1012 1739 1061 1778 ex·

163 1796 323 1856 cellentiae
351 1799 499 1875 quaedam
527 1807 607 1871 sunt,
631 1799 732 1877 qualis
759 1807 825 1860 erat
852 1799 1002 1878 Scipionis
1027 1799 1061 1858 in

162 1887 273 1948 nostra
288 1886 322 1934 ut
337 1877 380 1936 ita
394 1878 502 1949 dicam,
518 1898 616 1956 grege.
659 1878 834 1957 Numquam
849 1900 880 1939 se
894 1879 947 1940 ille
961 1877 1061 1953 Philo,
1076 1878 1115 1940 20

162 1975 328 2033 numquam
358 1956 492 2034 Rupilio,
516 1978 681 2036 numquam
705 1958 857 2020 Mummio
881 1960 1060 2038 anteposuit,

163 2055 329 2112 numquam
340 2036 489 2096 inferioris
499 2038 613 2097 ordinis
625 2037 745 2110 amicis;
762 2036 800 2114 Q
809 2059 880 2100 vero
889 2037 1061 2099 Maximum

163 2113 297 2186 fratrem,
322 2117 476 2193 egregium
500 2117 602 2178 virum
627 2119 759 2191 omnino,
784 2119 840 2178 sibi
870 2139 1061 2197 nequaquam

164 2213 275 2272 parem,
291 2195 371 2272 quod
387 2197 411 2254 is
426 2195 562 2256 anteibat
576 2206 684 2268 aetate,
699 2207 856 2276 tamquam
878 2199 1061 2277 superiorem

166 2273 283 2332 colebat
303 2295 429 2352 suosque
446 2296 550 2334 omnes
563 2297 616 2354 per
629 2297 660 2336 se
675 2298 736 2337 esse
754 2278 915 2356 ampliores
931 2277 1060 2338 volebat.
1076 2277 1114 2336 25

100 2421 103 2429 Ι
166 2352 255 2427 Quod
277 2352 450 2413 faciendum
475 2355 717 2434 imitandumque
738 2368 782 2416 est
803 2357 951 2430 omnibus,
973 2367 1018 2429 ut,
1036 2357 1061 2416 si

164 2451 255 2510 quarn
284 2435 498 2510 praestantiam
524 2436 665 2508 virtutis,¹
681 2436 804 2515 ingenii,
829 2437 969 2497 fortunae
996 2457 1062 2496 con-

164 2512 257 2570 secuti
272 2513 341 2584 eint,
358 2512 535 2591 impertiant
556 2535 591 2574 ea
612 2517 672 2575 suis
694 2516 977 2594 communicentque
992 2536 1061 2576 cum

164 2591 328 2669 proximis3
357 2601 399 2664 ut,
422 2593 447 2651 si
470 2595 647 2671 parentibus
665 2596 731 2654 nati
754 2596 815 2655 siut
837 2595 1014 2668 humilibus
1036 2595 1061 2655 si
1152 2593 1154 2599 '

164 2671 348 2749 propinquos
369 2671 502 2732 habeant
522 2674 735 2734 imbecilliores
756 2675 806 2736 vel
823 2675 925 2734 animo
940 2675 988 2736 vel
1005 2677 1061 2735 for·
1076 2673 1116 2735 30

163 2758 247 2821 tuna,
262 2771 365 2810 eorum
385 2762 517 2830 augeant
531 2774 601 2832 opes
616 2755 712 2832 iisque
726 2754 833 2814 honori
847 2755 908 2814 sint
922 2764 951 2814 et
965 2755 1062 2834 digni-

164 2830 237 2900 tati;
260 2841 293 2888 ut
316 2831 347 2890 in
372 2831 494 2905 fabulis,
510 2833 563 2911 qui
588 2833 778 2910 aliquamdiu
800 2844 922 2912 propter
944 2834 1062 2913 ignora·

163 2910 275 2970 tionem
294 2911 397 2988 stirpis
417 2921 447 2971 et
463 2913 581 2990 generis
599 2913 629 2970 in
650 2913 801 2972 famulatu
820 2913 952 2986 fuerunt,
967 2933 1061 2992 quum

163 2991 276 3066 cogniti
297 3001 368 3050 sunt
391 3001 421 3051 et
443 3003 496 3050 aut
519 2992 643 3050 deorum
666 3002 719 3051 aut
734 3011 839 3070 regum
858 2992 915 3051 filii
934 2993 1060 3065 inventi,

163 3071 294 3128 retinent
321 3079 424 3130 tamen
453 3071 612 3130 caritatem
637 3071 669 3130 in
696 3081 838 3149 pastoresi,
862 3091 937 3150 quos
960 3083 1061 3150 patres
1076 3069 1114 3131 35

162 3147 273 3208 multos
295 3169 391 3210 annos
412 3169 474 3210 esse
496 3149 659 3211 duxerunt.
702 3151 793 3226 Quod
815 3160 860 3211 est
879 3152 976 3211 multo
995 3172 1062 3229 pro-

162 3228 240 3288 fecto
264 3231 360 3307 magis
383 3230 415 3288 in
437 3229 515 3290 veris
539 3228 676 3307 patribus
699 3231 847 3308 certisque
868 3230 1060 3303 iaciendum

161 3307 278 3368 fructus
292 3311 373 3368 enim
388 3309 502 3386 ingenii
517 3319 547 3368 et
559 3309 681 3368 virtutis
693 3310 847 3386 omnisque
859 3310 1062 3386 praestantiae

160 3396 226 3446 tum
241 3389 392 3468 maximus
407 3389 537 3466 capitur,
552 3408 646 3466 quum
666 3389 697 3446 in
718 3389 891 3466 proximum
912 3406 1061 3463 quemque
1074 3463 1104 3520 4(

160 3468 322 3527 conl'ortur.
