2524 3712
466 217 584 271 erro
614 224 778 272 uaros.
1085 206 1128 270 23

174 380 314 462 proxime
328 377 471 444 videntur
485 381 635 441 accedere.
677 381 804 441 Habent
825 381 904 441 enim
924 381 1072 442 rationem

174 483 244 523 cum
269 471 360 533 terra,
384 482 462 539 quae
489 481 657 539 numquam
685 471 804 521 recusat
831 462 992 540 imperium
1018 482 1074 522 nec

174 543 317 620 cuiquam
339 542 404 602 sine
429 561 520 600 usura
543 541 643 600 reddit
665 541 745 618 quod
770 543 896 619 accepit,
920 541 971 600 sed
996 541 1073 602 alias

173 623 298 693 minore,
310 621 487 699 plerumque
501 621 613 698 majore
628 641 697 680 eum
712 621 840 680 faenore.
877 620 1073 698 Quamquam

173 721 222 760 me
236 700 358 779 quidem
374 721 434 760 non
449 703 566 759 fructus
581 700 679 773 modo,
693 700 745 760 sed
759 701 852 759 etiam
866 702 960 778 ipsius
976 714 1073 761 terrae
1107 704 1126 762 5

173 781 219 840 vis
234 801 270 839 ao
284 791 396 840 natura
411 780 558 840 delectat:
580 799 658 858 quae
669 801 763 859 quum
777 780 892 858 gremio
904 779 1021 840 mollito
1036 801 1072 841 ac

173 859 299 920 subacto
317 880 454 938 sparsum
476 880 577 919 semen
598 860 726 938 excepit,
742 861 873 937 primum
889 860 921 918 id
936 879 1073 920 occaeca-

173 949 239 999 tum
254 939 382 1010 cohibet,
393 961 429 998 ex
443 961 501 1017 quo
513 940 638 1012 occatio,
647 960 724 1018 quae
735 940 792 999 hoc
803 940 903 1010 efficit,
916 940 1073 1000 nominata

173 1028 235 1090 est;
270 1019 379 1078 deinde
409 1020 593 1097 tepefactum
621 1039 735 1097 vapore
761 1028 792 1079 et
819 1040 990 1098 compressu
1017 1041 1071 1080 suo

173 1098 317 1158 diffundit
341 1106 371 1157 et
395 1099 479 1159 elicit
503 1098 727 1160 herbescentem
751 1119 790 1158 ex
814 1119 849 1159 eo
873 1099 1070 1173 viriditatem,
1087 1102 1126 1162 10

172 1199 250 1256 quae
265 1179 340 1239 nixa
354 1179 437 1238 fibris
454 1179 595 1257 stirpium
612 1180 721 1238 sensim
740 1179 895 1250 adolescit,
910 1179 1071 1258 culmoque

173 1268 273 1318 erecta
299 1259 473 1336 geniculato
495 1259 615 1337 vaginis
638 1261 702 1337 jam
728 1260 815 1336 quasi
840 1259 1004 1336 pubescens
1028 1261 1071 1318 in-

174 1337 325 1410 cluditur;
341 1339 478 1417 equibus
492 1359 586 1416 quum
602 1339 731 1411 emersit,
745 1338 848 1398 fundit
863 1339 980 1416 frugem
994 1339 1071 1418 spici

173 1417 279 1478 ordine
302 1427 458 1490 structam,
474 1429 504 1478 et
526 1429 632 1478 contra
654 1419 757 1479 avium
781 1419 932 1478 minorum
954 1439 1070 1480 morsus

173 1499 310 1557 munitur
334 1499 417 1560 vallo
442 1499 614 1558 aristarum.
657 1499 740 1574 Quid
764 1520 819 1577 ego
842 1499 952 1560 vitium
977 1509 1070 1573 ortus,
1085 1501 1123 1562 15

171 1587 263 1651 satus,
273 1579 459 1638 incrementa
470 1580 720 1638 commemorem?
746 1577 1071 1640 Satiaridelectatione

171 1677 233 1717 non
242 1679 372 1737 possum,
381 1667 416 1718 ut
427 1679 510 1718 meae
522 1659 683 1719 senectutis
694 1659 858 1737 requietem
869 1658 1070 1719 oblectamen-

171 1745 298 1816 tumque
312 1739 452 1798 noscatis.
494 1738 612 1799 Omitto
626 1739 707 1798 enim
721 1739 784 1800 vim
805 1739 902 1818 ipsam
924 1739 1068 1812 omnium,

171 1838 250 1896 quae
263 1828 483 1896 generanture
499 1828 589 1893 terre,
605 1841 683 1900 quae
702 1841 741 1880 ex
763 1821 812 1882 fici
833 1821 953 1881 tantulo
974 1841 1070 1900 grano

171 1908 226 1958 aut
246 1919 285 1959 ex
306 1898 387 1959 acini
400 1901 527 1961 vinaceo
548 1912 602 1961 aut
623 1923 661 1961 ex
683 1910 851 1961 ceterarum
871 1902 994 1981 frugum
1015 1911 1069 1962 aut
1084 1902 1123 1964 20

171 1979 313 2058 stirpium
323 1981 532 2041 minutissimis
543 1982 707 2042 seminibus
718 1990 818 2042 tantos
829 1991 951 2042 truncos
960 2003 1069 2044 ramos·

171 2080 230 2137 que
240 2069 393 2139 procreet:
409 2062 553 2134 malleoli,
564 2063 694 2140 plantae,
705 2071 866 2135 sarmenta,
877 2063 1068 2137 viviradices,

171 2141 352 2218 propagines
372 2161 473 2201 nonne
493 2142 637 2214 efficiunt,
652 2151 687 2203 ut
701 2143 837 2222 quemvis
853 2163 920 2202 cum
938 2143 1068 2203 admira·

171 2220 254 2279 tione
267 2219 439 2281 delectent?
480 2220 562 2282 Vitis
576 2223 709 2301 quidem,
724 2243 802 2302 quae
822 2232 933 2283 natura
952 2223 1068 2283 caduca

167 2308 216 2360 est
236 2309 275 2372 et,
296 2301 354 2360 nisi
375 2301 455 2361 fulta
475 2310 528 2374 est,
544 2301 641 2362 fertur
661 2302 700 2362 ad
722 2312 843 2377 terram,
859 2304 973 2376 eadem,
988 2312 1023 2362 ut
1036 2323 1067 2362 se
1082 2303 1121 2364 25

171 2379 277 2458 erigat,
301 2380 461 2442 claviculis
489 2383 550 2442 suis
575 2383 661 2461 quasi
685 2382 825 2442 manibus
849 2383 999 2462 quidquid
1023 2391 1068 2444 est

170 2468 263 2520 nacta
277 2461 507 2539 complectitur;
522 2482 613 2540 quam
623 2471 791 2541 serpentem
803 2463 968 2542 multiplici
979 2463 1068 2541 lapsu

171 2547 202 2598 et
215 2541 344 2601 erratico
362 2541 442 2601 ferro
462 2553 624 2620 amputans
646 2550 763 2603 coercet
783 2562 832 2602 ars
853 2543 1066 2621 agricolarum,

171 2639 210 2678 ne
236 2619 377 2681 silvescat
410 2623 570 2682 sarmentis
597 2632 627 2683 et
653 2623 685 2682 in
714 2642 815 2682 omnes
843 2631 944 2701 partes
971 2623 1067 2682 nimia

74 2705 78 2712 '
171 2698 327 2760 fundetur.
372 2698 482 2780 Itaque
505 2702 629 2762 ineunte
650 2723 721 2763 vere
744 2703 776 2760 in
798 2701 844 2774 iis,
863 2721 941 2780 quae
960 2702 1068 2762 relicta
1082 2701 1121 2764 30

170 2788 250 2852 sunt,
266 2779 384 2840 exsistit
397 2789 555 2858 tamquam
569 2782 608 2842 ad
623 2782 767 2842 articulos
787 2790 1007 2842 sarmentorum
1022 2802 1066 2855 ee,

170 2878 248 2936 quae
262 2879 382 2936 gemma
395 2860 517 2933 dieitur,
538 2881 557 2920 a
584 2881 644 2940 qua
672 2861 770 2921 oriens
790 2881 852 2923 uva
872 2883 902 2922 se
926 2860 1067 2934 ostendit,

120 2944 123 2950 '
170 2958 249 3016 quoe
270 2948 300 2998 et
317 2959 388 2999 suco
406 2947 504 3000 terrae
525 2949 554 3000 et
575 2941 675 3000 calore
695 2941 765 3000 solis
786 2960 948 3018 augescens
968 2941 1066 3020 primo

171 3027 215 3078 est
241 3019 405 3096 peracerba
431 3029 564 3097 gustatu,
592 3019 702 3079 deinde
731 3029 884 3080 maturate
911 3015 1066 3092 dulcescit,

171 3097 338 3176 vestitaque
353 3099 505 3177 pampinis
519 3119 574 3160 nee
585 3099 815 3178 modiootepore
825 3108 908 3159 caret
918 3108 948 3159 et
959 3099 1067 3158 nimios
1082 3078 1128 3163 35?

170 3176 240 3236 solis
268 3177 404 3237 defendit
431 3179 561 3238 ardores.
604 3179 675 3254 Qua
697 3179 770 3257 quid
787 3187 884 3256 potest
899 3198 960 3238 esse
973 3197 1068 3257 quum

170 3255 274 3316 fructu
295 3255 403 3317 laetius
427 3267 494 3317 tum
518 3267 642 3336 aspectu
663 3257 842 3336 pulchrius?
883 3255 976 3336 Cujus
1004 3257 1068 3335 qui·

170 3335 239 3394 dem
262 3356 321 3396 non
344 3336 461 3396 utilitas
483 3358 530 3396 me
551 3337 658 3408 solum,
676 3345 711 3395 ut
727 3345 799 3395 ante
813 3335 888 3406 dixi,
906 3335 957 3395 sed
975 3337 1067 3393 etism

171 3415 294 3478 culture
323 3425 353 3476 et
382 3426 494 3477 natura
529 3417 596 3494 ipsa
629 3415 776 3474 delectet:
809 3411 1066 3473 adminiculorum

229 3618 237 3649 l
