2524 3712
484 189 701 239 nennius.
1053 178 1093 241 61

144 346 236 410 ceteri
263 347 408 420 serviunt,
433 346 637 425 imperabunt,
666 346 775 407 deinde
803 347 956 426 aequitate
979 348 1042 428 jue·

145 430 274 506 titiaque
295 427 482 506 gaudebunt,
496 427 657 504 omniaque
681 426 759 486 alter
781 447 836 505 pro
860 427 957 488 altero
979 449 1040 488 sus·

145 509 247 586 cipiet,
268 527 366 584 neque
389 506 556 584 quidquam
577 526 722 584 umquam
747 507 805 566 nisi
831 507 989 567 honesturn
1013 519 1043 568 et

146 597 263 648 rectum
277 587 356 646 alter
369 586 409 646 ab
423 586 520 645 altero
534 585 709 664 postulabit,
722 606 819 664 neque
832 586 930 647 solum
942 587 1044 648 colent

146 668 226 726 inter
250 687 281 726 se
305 685 341 725 ac
366 665 504 743 diligent,
527 665 578 725 sed
607 665 698 724 etiam
724 665 918 727 verebuntur.
960 667 1042 726 Nam
1077 668 1096 727 5

147 747 317 806 maximum
342 754 553 805 ornamentum
578 744 731 804 amicitiae
756 745 847 817 tollit,
870 747 923 824 qui
946 767 1043 807 exea

148 827 231 886 tollit
259 824 481 886 verecundiam.
523 823 632 902 Itaque
659 824 691 882 iu
720 825 757 883 iis
785 826 969 902 perniciosus
997 835 1042 886 est

148 926 240 978 error,
255 907 308 982 qui
329 905 506 964 existimant
527 903 690 963 libidinum
712 914 964 984 peccatorumque
982 927 1044 965 om-

149 986 234 1044 nium
256 994 359 1064 patere
379 985 412 1043 in
432 985 567 1044 amicitia
588 983 751 1043 licentiam.
795 983 956 1044 Virtutum
971 985 1044 1044 arni·

150 1066 222 1125 citia
237 1064 373 1142 adjutrix
388 1084 407 1123 a
421 1074 532 1123 natura
546 1063 619 1122 data
633 1072 685 1134 est,
700 1083 761 1123 non
775 1064 918 1124 vitiorum
935 1085 1042 1138 comes,
1057 1064 1097 1125 10

149 1155 193 1217 ut,
208 1145 352 1222 quoniam
372 1144 510 1203 solitar-ia
530 1165 589 1204 non
613 1153 710 1221 posset
724 1144 821 1204 virtus
843 1144 883 1203 ad
903 1165 948 1217 ea,
966 1164 1044 1223 quae

149 1244 269 1284 summa
289 1233 369 1296 sunt,
384 1224 550 1301 pervenire,
564 1224 727 1302 conjuncta
741 1233 771 1283 et
786 1225 957 1284 consociata
974 1245 1044 1284 cum

150 1305 248 1364 altera
268 1305 457 1382 perveniret;
478 1304 594 1381 quaesi
610 1323 683 1380 quos
698 1304 777 1363 inter
794 1303 919 1363 societas
933 1314 987 1364 aut
1001 1313 1045 1364 est
1068 1311 1073 1314 “

151 1394 205 1443 aut
219 1383 278 1442 fuit
292 1391 346 1442 aut
360 1383 464 1442 futura
482 1392 536 1455 est,
550 1403 653 1442 eorum
667 1392 711 1441 est
726 1382 884 1444 habendus
904 1384 944 1443 ad
965 1405 1044 1444 surn-

151 1483 235 1523 mum
256 1472 383 1522 naturae
404 1462 517 1522 bonum
537 1463 669 1541 optimus
689 1461 937 1541 beatissimusque
955 1463 1044 1523 comi·
1060 1461 1098 1522 15
1124 1491 1129 1545 g

152 1553 242 1604 tatus.
284 1543 372 1603 Haec
399 1555 452 1615 est,
479 1544 613 1621 inquam,
638 1542 773 1616 societas,
798 1543 830 1602 in
854 1564 915 1622 qua
942 1544 1045 1604 omnia

96 1625 100 1632 '
152 1625 265 1697 insunt,
290 1645 367 1702 quae
391 1633 501 1703 putant
528 1624 663 1684 homines
691 1624 870 1702 expetenda,
895 1625 1044 1697 honestae,

151 1705 259 1784 gloria,
279 1705 486 1782 tranquillitas
514 1705 610 1763 animi
634 1713 725 1782 atque
747 1703 934 1783 jucunditaS,
957 1713 990 1764 ut
1015 1715 1045 1765 et

152 1805 247 1862 quum
268 1785 342 1844 haec
364 1785 465 1844 adsint
487 1784 576 1844 beata
591 1784 656 1845 vita
672 1785 711 1843 sit
725 1796 755 1844 et
768 1785 833 1843 sine
848 1785 894 1842 his
908 1805 969 1844 esse
983 1805 1044 1845 non

152 1866 254 1942 possit.
297 1864 386 1940 Quod
413 1885 507 1942 quum
530 1865 676 1942 optimum
701 1864 928 1942 maximumque
949 1865 998 1938 sit,
1019 1865 1045 1924 si
1060 1864 1099 1925 20

152 1943 184 2002 id
207 1943 346 2004 volumus
370 1943 507 2022 adipisci,
529 1945 636 2004 virtuti
661 1964 752 2021 opera
776 1944 879 2003 danda
903 1955 955 2016 eet,
980 1944 1046 2004 siue

152 2043 213 2101 qua
234 2043 289 2082 nec
310 2025 477 2083 amicitiam
505 2044 602 2102 neque
629 2023 724 2082 ullam
753 2043 815 2082 rem
844 2024 1044 2103 expetendam

152 2103 294 2180 consequi
332 2124 483 2175 ossumus;
505 2125 540 2163 ea
555 2123 626 2164 vero
647 2103 794 2182 neglecta,
809 2104 861 2182 qui
882 2123 913 2164 se
933 2105 1045 2164 amicos

153 2182 265 2242 habere
278 2125 475 2256 arlitrantun
490 2192 555 2243 turn
573 2203 604 2242 se
619 2183 748 2261 denique
769 2203 881 2243 errasse
901 2185 1044 2256 sentiunt,
1106 2205 1107 2210 ¹

152 2283 247 2340 quum
261 2282 310 2323 eos
324 2265 426 2341 gravis
447 2263 557 2341 aliquis
579 2283 663 2322 casus
681 2263 813 2340 experiri
833 2264 921 2341 cogit.
964 2263 1044 2339 Quo·
1060 2262 1099 2322 25

153 2343 455 2402 circa—dicendum
478 2352 522 2402 est
543 2343 622 2401 enirn
644 2343 913 2421 saepius-quum
925 2343 1044 2420 judica-

153 2423 203 2496 ris,
222 2422 349 2500 diligere
371 2431 497 2502 oportet,
519 2418 588 2494 non,
612 2442 706 2500 quum
729 2423 880 2492 dilexeris,
897 2422 1044 2500 judicare,

152 2502 211 2562 Sed
226 2523 320 2580 quum
335 2503 438 2562 multis
453 2503 485 2561 in
499 2502 588 2561 rebus
600 2501 785 2580 negligentia
797 2501 967 2580 plectimur,
979 2511 1044 2560 turn

153 2584 286 2641 maxime
301 2583 333 2640 in
348 2583 454 2654 amicis
468 2591 498 2642 et
512 2582 679 2658 deligendis
693 2591 723 2640 et
737 2581 885 2652 colendis;
906 2600 1044 2659 praepos-

152 2663 225 2721 teris
241 2661 320 2720 enim
340 2663 456 2721 utimur
467 2661 599 2721 consiliis
610 2671 639 2721 et
650 2672 719 2740 acta
733 2661 858 2738 agimus,
870 2661 951 2739 quod
964 2668 1043 2720 veta·
1060 2658 1098 2719 30

153 2761 222 2800 mur
235 2751 336 2801 vetere
350 2741 517 2819 proverbio.
560 2741 650 2812 Nam,
665 2740 814 2818 implicati
830 2741 910 2799 ultro
924 2749 955 2799 et
969 2741 1044 2816 citro

151 2821 203 2880 vel
217 2840 272 2880 usu
287 2821 433 2880 diuturno
448 2821 496 2882 vel
512 2821 603 2881 etiarn
618 2820 731 2892 officim,
746 2827 868 2912 qepente
890 2820 919 2878 in
946 2819 1044 2880 medio

152 2918 241 2960 cursu
257 2901 407 2960 amicitias
421 2910 528 2960 exorta
542 2901 646 2978 aliqua
660 2900 819 2959 offensione
832 2899 1043 2978 dirumpimus.

114 3031 118 3038 .
192 2977 323 3039 XXIII.
356 2972 429 3056 Quo
457 2980 548 3039 etiarn
576 2979 672 3056 magis
699 2979 906 3056 vituperanda
930 2988 973 3038 est
1001 2979 1044 3038 rei

152 3059 286 3117 maxime
300 3059 482 3118 necessariae
497 3068 583 3117 tanta
597 3057 732 3128 incuria;
747 3078 809 3116 una
822 3067 867 3117 est
877 3058 956 3117 enirn
972 3059 1044 3122 ami-
1059 3057 1098 3116 35

151 3137 225 3196 eitia
239 3137 270 3196 iu
286 3138 373 3197 rebus
388 3138 539 3208 humanis,
554 3138 591 3196 de
606 3137 691 3215 cujus
711 3137 844 3195 utilitate
863 3157 964 3196 omnes
984 3157 1044 3196 uno

151 3235 202 3274 ore
223 3218 423 3277 consentiunt.
466 3216 496 3274 A
514 3216 617 3276 multis
635 3217 733 3276 virtus
754 3216 820 3294 ipsa
841 3216 1044 3275 contemnitur

151 3303 182 3354 et
197 3297 364 3356 venditatio
382 3296 532 3373 quaedam
554 3307 645 3372 atque
665 3296 825 3354 ostentatio
843 3314 904 3354 esse
921 3295 1042 3356 dicitur.

150 3373 245 3434 Multi
259 3375 384 3452 divitias
399 3374 578 3453 despiciunt,
587 3393 661 3452 quos
672 3393 767 3452 parvo
779 3381 934 3431 contentos
945 3373 1044 3430 tenuis
