2524 3712
164 182 206 246 62
245 187 247 192 '
404 201 441 248 n.
471 201 640 248 runnu
665 203 925 260 ,oronaonrs

216 355 316 415 victus
343 355 502 434 cultusque
529 356 678 429 delectat;
712 357 839 418 honores
873 378 955 430 vero,
984 377 1114 436 quorum

217 435 385 512 cupiditate
412 437 536 513 quidam
566 437 806 508 inflammantur,
832 454 922 515 quam
952 439 1041 498 multi
1070 439 1116 498 ita

217 525 423 587 contemnunt,
439 525 473 575 ut
487 516 564 574 nihil
580 516 710 590 inanius,
725 517 804 575 nihil
819 537 881 576 esse
896 517 993 578 levius
1013 518 1116 576 existi·

217 603 319 665 ment;
341 595 473 672 itemque
495 605 603 666 cetera,
619 617 697 674 quae
717 596 897 674 quibusdam
919 597 1133 656 admirabilia·

185 673 370 746 lividentnr,
396 675 538 750 permulti
565 685 636 734 sunt
657 677 709 753 qni
735 696 789 754 pro
813 675 911 734 nihilo
932 685 1055 755 putent:
1076 677 1116 736 de

218 754 355 813 amicitia
379 774 481 813 omnes
506 755 546 814 ad
572 775 666 814 unum
693 755 774 814 idem
799 755 943 827 sentiunt,
960 765 990 815 et
1009 756 1040 828 ii,
1061 757 1113 834 qui

218 833 257 892 ad
281 853 343 892 rem
367 833 520 912 publicam
545 855 576 893 se
601 835 805 907 contulerunt,
827 844 857 895 et
880 836 912 908 ii,
935 835 987 914 qui
1009 857 1112 895 rerum

219 913 391 990 cognitione
412 913 610 991 doctrinaque
632 913 832 986 delectantur,
851 924 881 974 et
902 914 932 988 ii,
952 915 1003 993 qui
1024 935 1112 974 suum

219 993 374 1069 nogotium
402 1003 512 1070 gerunt
539 993 636 1065 otiosi,
663 1005 813 1072 postremo
840 995 872 1067 ii,
897 995 949 1073 qui
977 1014 1008 1054 se
1035 1005 1114 1055 totos

167 1070 205 1130 10
220 1071 412 1150 tradiderunt
436 1071 655 1152 voluptatibus,
681 1075 746 1133 siue
773 1075 908 1134 amicitia
931 1073 1026 1134 vitam
1052 1095 1115 1134 esse

219 1151 346 1226 nullam,
367 1151 391 1210 si
415 1152 503 1211 modo
527 1152 623 1213 velint
650 1154 754 1232 aliqua
778 1163 923 1232 exparte
946 1153 1115 1213 liberaliter

219 1229 474 1370 vivereqlmblcrpit
498 1233 578 1292 enim
604 1234 704 1293 nescio
727 1234 876 1312 quomodo
900 1253 954 1312 per
977 1233 1113 1292 omnium

221 1311 298 1371 vitas
318 1332 337 1370 a
370 1311 454 1371 icitia
473 1332 530 1372 neo
548 1313 643 1372 ullam
665 1315 772 1388 aetatis
790 1313 944 1391 degendae
965 1313 1112 1373 rationem

220 1391 337 1468 patitur
365 1411 426 1450 esse
455 1403 609 1470 expertem
638 1393 692 1452 sui.
749 1393 833 1469 Quin
865 1393 956 1452 etiam
989 1397 1014 1452 si
1046 1393 1114 1470 quis

169 1467 206 1528 15
221 1470 383 1548 asperitate
404 1476 440 1530 ea‘
461 1482 505 1532 est
526 1482 555 1532 et
576 1473 765 1532 immanitate
785 1481 922 1543 naturae,
941 1493 1114 1551 congressus

221 1563 256 1610 ut
284 1551 442 1610 homiuum
477 1553 578 1631 fugiat
611 1563 703 1630 atque
736 1551 843 1624 oderit,
871 1550 991 1629 qualem
1023 1552 1115 1612 luisse

168 1613 176 1712 s
221 1631 353 1690 Athenis
374 1631 530 1696 Timonem
552 1633 756 1709 nescioquem
777 1632 957 1710 accepimus,
972 1640 1072 1690 tamen
1089 1632 1115 1690 is

222 1712 287 1790 pati
301 1731 360 1770 non
376 1697 476 1790 pdssit,
489 1723 523 1770 ut
538 1732 596 1770 non
613 1712 755 1788 anquirat
770 1711 912 1788 aliquem,
926 1710 1008 1788 apud
1024 1731 1114 1790 quem

221 1800 342 1852 evomat
357 1794 441 1852 virus
462 1791 636 1852 acerbitatis
657 1810 736 1850 suae.
778 1793 883 1867 Atque
904 1790 960 1850 hoo
981 1791 1116 1850 maxime

169 1871 208 1932 20
223 1872 422 1951 judicaretur,
436 1871 460 1930 si
477 1872 550 1949 quid
565 1870 626 1930 tale
641 1879 737 1950 posset
752 1870 934 1947 contingere,
950 1878 984 1928 ut
1004 1869 1115 1947 aliquis

221 1973 275 2011 nos
296 1952 369 2011 deus
391 1972 430 2011 ex
450 1952 508 2010 hac
530 1951 686 2010 hominum
708 1950 877 2029 frequentia
897 1948 1015 2008 tolleret
1032 1961 1062 2008 et
1081 1949 1115 2008 in

221 2031 385 2090 solitudine
408 2033 527 2109 uspiam
554 2031 716 2090 collocaret
738 2039 829 2107 atque
851 2027 894 2087 ibi
918 2029 1115 2106 suppeditans

221 2112 356 2170 omnium
372 2131 482 2181 rerum,
498 2131 572 2188 quas
589 2121 700 2169 natura
719 2109 878 2180 desiderat,
894 2107 1114 2167 abundantiam

221 2201 251 2250 et
279 2191 397 2268 copiam
425 2191 555 2250 hominis
588 2191 711 2250 omuino
742 2188 908 2266 aspiciendi
935 2196 1114 2266 potestatem

168 2269 207 2329 25
221 2271 357 2348 eriperet.
400 2270 477 2346 Quis
505 2279 569 2329 tam
597 2278 672 2329 esset
696 2269 818 2340 ferreus,
843 2267 894 2346 qui
922 2287 988 2326 eam
1016 2267 1114 2326 vitam

220 2350 298 2410 ferre
312 2360 418 2428 posset,
432 2350 616 2429 cuiquenon
631 2347 909 2408 auferret'fructum
921 2346 1113 2424 voluptatum

220 2429 356 2489 omnium
378 2430 531 2490 solitudo?
572 2429 687 2490 Verum
713 2448 783 2506 ergo
807 2427 885 2486 illud
910 2434 962 2510 est,
986 2426 1067 2505 quod
1092 2446 1113 2486 a

167 2504 174 2532 ‘⁴
221 2509 385 2570 Tarentino
407 2509 557 2588 Archyta,
578 2519 612 2568 ut
633 2511 749 2588 opinor,
772 2507 833 2567 dici
852 2506 972 2566 solitum
996 2515 1114 2566 nostros

220 2609 304 2648 senes
318 2609 552 2650 commemorare
566 2589 672 2649 audivi
687 2588 726 2648 ab
740 2587 808 2648 aliis
822 2586 942 2646 senibus
956 2585 1113 2657 anditum;

168 2667 207 2728 30
220 2669 245 2728 si
260 2669 326 2746 quis
343 2669 373 2728 in
393 2669 510 2728 caelum
532 2668 714 2728 ascendisset
735 2676 935 2744 naturamque
957 2665 1061 2741 mundi
1083 2674 1114 2726 et

219 2748 478 2826 pulchritudinem
494 2748 626 2807 siderum
642 2747 848 2825 perspexisset,
858 2747 1012 2805 insuavem
1025 2745 1112 2803 illam

220 2828 452 2888 admirationem
474 2828 501 2886 ei
524 2827 596 2899 fore,
614 2847 692 2906 quae
708 2826 929 2906 jucundissima
951 2825 1065 2896 fuisset,
1086 2825 1112 2883 si

220 2907 353 2984 aliquem
382 2908 431 2967 cui
457 2916 597 2966 narraret
624 2907 785 2966 habuisset.
828 2905 878 2965 Sic
905 2914 1017 2964 natura
1043 2903 1112 2962 soli-

219 2988 332 3046 tarium
353 2986 431 3044 nihil
452 2995 536 3044 aruat
556 3005 732 3064 semperque
751 2985 790 3044 ad
810 2984 934 3064 aliquod
955 2992 1110 3060 tamquam

167 3065 206 3125 35
220 3066 442 3124 adminiculum
461 3065 620 3137 annititur,
636 3065 717 3143 quod
738 3064 771 3123 in
791 3065 973 3124 amicissimo
993 3081 1113 3140 quoque

219 3145 427 3202 dulcissimum
443 3153 495 3202 est.

259 3222 387 3280 XXIV.
410 3222 468 3280 Sed
493 3241 587 3296 quum
612 3229 656 3280 tot
675 3221 774 3298 'signis
798 3223 903 3281 eadem
928 3229 1039 3281 natura
1063 3219 1112 3278 de·

220 3299 316 3357 claret
336 3300 409 3375 quid
428 3298 512 3370 velit,
534 3300 686 3376 anquirat,
708 3300 865 3372 desideret,
886 3309 988 3359 tamen
1009 3299 1112 3359 obsur-

220 3377 368 3436 descimus
388 3377 487 3435 nescio
508 3377 658 3454 quomodo
679 3396 733 3436 nec
755 3396 799 3449 ea,
814 3398 891 3455 quae
908 3379 948 3438 ab
962 3399 998 3438 ea
1011 3399 1112 3438 mone
