<?xml version="1.0" encoding="UTF-8"?>
<!DOCTYPE html PUBLIC "-//W3C//DTD XHTML 1.0 Transitional//EN"
    "http://www.w3.org/TR/xhtml1/DTD/xhtml1-transitional.dtd">
<html xmlns="http://www.w3.org/1999/xhtml" xml:lang="en" lang="en">
 <head>
  <title>
</title>
<meta http-equiv="Content-Type" content="text/html;charset=utf-8" />
  <meta name='ocr-system' content='tesseract 3.04.00' />
  <meta name='ocr-capabilities' content='ocr_page ocr_carea ocr_par ocr_line ocrx_word'/>
</head>
<body>
  <div class='ocr_page' id='page_1' title='image "./mtulliiciceroni00richgoog_0055.png"; bbox 0 0 2524 3712; ppageno 0'>
   <div class='ocr_carea' id='block_1_1' title="bbox 506 169 1116 238">
    <p class='ocr_par' dir='ltr' id='par_1_1' title="bbox 506 169 1116 238">
     <span class='ocr_line' id='line_1_1' title="bbox 506 169 1116 238; baseline -0.005 0"><span class='ocrx_word' id='word_1_1' title='bbox 506 190 723 238; x_wconf 70' lang='lat' dir='ltr'><strong>nummus.</strong></span> <span class='ocrx_word' id='word_1_2' title='bbox 1076 169 1116 236; x_wconf 73' lang='lat'><strong>51</strong></span> 
     </span>
    </p>
   </div>
   <div class='ocr_carea' id='block_1_2' title="bbox 105 344 1125 3474">
    <p class='ocr_par' dir='ltr' id='par_1_2' title="bbox 165 344 1065 504">
     <span class='ocr_line' id='line_1_2' title="bbox 165 344 1065 425; baseline -0.013 -9"><span class='ocrx_word' id='word_1_3' title='bbox 165 363 258 416; x_wconf 86' lang='lat' dir='ltr'><strong>tatem</strong></span> <span class='ocrx_word' id='word_1_4' title='bbox 280 348 475 421; x_wconf 79' lang='lat' dir='ltr'><strong>arbitramur,</strong></span> <span class='ocrx_word' id='word_1_5' title='bbox 491 368 568 425; x_wconf 91' lang='lat' dir='ltr'><strong>quae</strong></span> <span class='ocrx_word' id='word_1_6' title='bbox 582 367 674 407; x_wconf 91' lang='lat' dir='ltr'><strong>causa</strong></span> <span class='ocrx_word' id='word_1_7' title='bbox 688 355 732 406; x_wconf 86' lang='lat' dir='ltr'><strong>est</strong></span> <span class='ocrx_word' id='word_1_8' title='bbox 746 365 801 406; x_wconf 91' lang='lat' dir='ltr'><strong>cur</strong></span> <span class='ocrx_word' id='word_1_9' title='bbox 816 344 982 405; x_wconf 78' lang='lat' dir='ltr'><strong>amicitiam</strong></span> <span class='ocrx_word' id='word_1_10' title='bbox 998 344 1065 404; x_wconf 89' lang='lat' dir='ltr'><strong>fun-</strong></span> 
     </span>
     <span class='ocr_line' id='line_1_3' title="bbox 166 426 1065 504; baseline -0.014 -8"><span class='ocrx_word' id='word_1_11' title='bbox 166 437 247 496; x_wconf 89' lang='lat' dir='ltr'><strong>ditus</strong></span> <span class='ocrx_word' id='word_1_12' title='bbox 269 431 413 492; x_wconf 88' lang='lat' dir='ltr'><strong>tollamus</strong></span> <span class='ocrx_word' id='word_1_13' title='bbox 437 449 453 487; x_wconf 89' lang='lat' dir='ltr'><strong>e</strong></span> <span class='ocrx_word' id='word_1_14' title='bbox 478 430 553 499; x_wconf 89' lang='lat' dir='ltr'><strong>vita,</strong></span> <span class='ocrx_word' id='word_1_15' title='bbox 575 446 613 486; x_wconf 88' lang='lat' dir='ltr'><strong>ne</strong></span> <span class='ocrx_word' id='word_1_16' title='bbox 635 426 753 504; x_wconf 88' lang='lat' dir='ltr'><strong>aliquas</strong></span> <span class='ocrx_word' id='word_1_17' title='bbox 774 435 897 504; x_wconf 89' lang='lat' dir='ltr'><strong>propter</strong></span> <span class='ocrx_word' id='word_1_18' title='bbox 917 445 984 484; x_wconf 89' lang='lat' dir='ltr'><strong>eam</strong></span> <span class='ocrx_word' id='word_1_19' title='bbox 1004 445 1065 484; x_wconf 90' lang='lat' dir='ltr'><strong>sus-</strong></span> 
     </span>
    </p>

    <p class='ocr_par' dir='ltr' id='par_1_3' title="bbox 105 505 1120 1473">
     <span class='ocr_line' id='line_1_4' title="bbox 105 505 1065 595; baseline -0.014 -19"><span class='ocrx_word' id='word_1_20' title='bbox 105 523 114 528; x_wconf 74' lang='grc'><strong>“</strong></span> <span class='ocrx_word' id='word_1_21' title='bbox 166 517 313 595; x_wconf 86' lang='lat' dir='ltr'><strong>cipiamus</strong></span> <span class='ocrx_word' id='word_1_22' title='bbox 327 509 500 568; x_wconf 82' lang='lat' dir='ltr'><strong>molestias?</strong></span> <span class='ocrx_word' id='word_1_23' title='bbox 542 507 626 582; x_wconf 71' lang='lat' dir='ltr'><strong>Quid</strong></span> <span class='ocrx_word' id='word_1_24' title='bbox 638 507 719 564; x_wconf 91' lang='lat' dir='ltr'><strong>enim</strong></span> <span class='ocrx_word' id='word_1_25' title='bbox 734 506 857 564; x_wconf 85' lang='lat' dir='ltr'><strong>interest</strong></span> <span class='ocrx_word' id='word_1_26' title='bbox 871 515 953 564; x_wconf 88' lang='lat' dir='ltr'><strong>motu</strong></span> <span class='ocrx_word' id='word_1_27' title='bbox 970 505 1065 564; x_wconf 88' lang='lat' dir='ltr'><strong>animi</strong></span> 
     </span>
     <span class='ocr_line' id='line_1_5' title="bbox 166 584 1066 668; baseline -0.014 -11"><span class='ocrx_word' id='word_1_28' title='bbox 166 595 295 668; x_wconf 88' lang='lat' dir='ltr'><strong>sublato,</strong></span> <span class='ocrx_word' id='word_1_29' title='bbox 304 613 364 653; x_wconf 93' lang='lat' dir='ltr'><strong>non</strong></span> <span class='ocrx_word' id='word_1_30' title='bbox 376 590 445 649; x_wconf 91' lang='lat' dir='ltr'><strong>dico</strong></span> <span class='ocrx_word' id='word_1_31' title='bbox 456 588 535 646; x_wconf 92' lang='lat' dir='ltr'><strong>inter</strong></span> <span class='ocrx_word' id='word_1_32' title='bbox 546 585 690 664; x_wconf 80' lang='lat' dir='ltr'><strong>pecudem</strong></span> <span class='ocrx_word' id='word_1_33' title='bbox 706 595 735 644; x_wconf 88' lang='lat' dir='ltr'><strong>et</strong></span> <span class='ocrx_word' id='word_1_34' title='bbox 750 586 912 656; x_wconf 89' lang='lat' dir='ltr'><strong>hominem,</strong></span> <span class='ocrx_word' id='word_1_35' title='bbox 923 584 975 644; x_wconf 93' lang='lat' dir='ltr'><strong>sed</strong></span> <span class='ocrx_word' id='word_1_36' title='bbox 987 585 1066 644; x_wconf 90' lang='lat' dir='ltr'><strong>inter</strong></span> 
     </span>
     <span class='ocr_line' id='line_1_6' title="bbox 167 664 1119 743; baseline -0.015 -7"><span class='ocrx_word' id='word_1_37' title='bbox 167 676 320 736; x_wconf 88' lang='lat' dir='ltr'><strong>hominem</strong></span> <span class='ocrx_word' id='word_1_38' title='bbox 334 682 365 733; x_wconf 84' lang='lat' dir='ltr'><strong>et</strong></span> <span class='ocrx_word' id='word_1_39' title='bbox 377 681 520 731; x_wconf 90' lang='lat' dir='ltr'><strong>truncum</strong></span> <span class='ocrx_word' id='word_1_40' title='bbox 542 675 596 725; x_wconf 91' lang='lat' dir='ltr'><strong>aut</strong></span> <span class='ocrx_word' id='word_1_41' title='bbox 616 685 724 724; x_wconf 86' lang='lat' dir='ltr'><strong>saxum</strong></span> <span class='ocrx_word' id='word_1_42' title='bbox 741 677 794 725; x_wconf 87' lang='lat' dir='ltr'><strong>aut</strong></span> <span class='ocrx_word' id='word_1_43' title='bbox 809 664 929 742; x_wconf 88' lang='lat' dir='ltr'><strong>quidvis</strong></span> <span class='ocrx_word' id='word_1_44' title='bbox 948 665 1065 743; x_wconf 87' lang='lat' dir='ltr'><strong>generis</strong></span> <span class='ocrx_word' id='word_1_45' title='bbox 1100 667 1119 729; x_wconf 82' lang='grc'>5</span> 
     </span>
     <span class='ocr_line' id='line_1_7' title="bbox 167 745 1067 835; baseline -0.014 -19"><span class='ocrx_word' id='word_1_46' title='bbox 167 756 321 835; x_wconf 83' lang='lat' dir='ltr'><strong>ejusdem?</strong></span> <span class='ocrx_word' id='word_1_47' title='bbox 362 753 469 830; x_wconf 82' lang='lat' dir='ltr'>Neque</span> <span class='ocrx_word' id='word_1_48' title='bbox 490 749 572 809; x_wconf 86' lang='lat' dir='ltr'><strong>enim</strong></span> <span class='ocrx_word' id='word_1_49' title='bbox 593 755 664 806; x_wconf 91' lang='lat' dir='ltr'><strong>sunt</strong></span> <span class='ocrx_word' id='word_1_50' title='bbox 688 745 738 804; x_wconf 90' lang='lat' dir='ltr'><strong>isti</strong></span> <span class='ocrx_word' id='word_1_51' title='bbox 760 745 914 816; x_wconf 87' lang='lat' dir='ltr'><strong>audiendi,</strong></span> <span class='ocrx_word' id='word_1_52' title='bbox 934 745 987 823; x_wconf 91' lang='lat' dir='ltr'><strong>qui</strong></span> <span class='ocrx_word' id='word_1_53' title='bbox 1007 745 1067 806; x_wconf 85' lang='lat' dir='ltr'><strong>vir·</strong></span> 
     </span>
     <span class='ocr_line' id='line_1_8' title="bbox 167 825 1065 912; baseline -0.012 -17"><span class='ocrx_word' id='word_1_54' title='bbox 167 844 264 896; x_wconf 88' lang='lat' dir='ltr'><strong>tutem</strong></span> <span class='ocrx_word' id='word_1_55' title='bbox 279 836 386 894; x_wconf 90' lang='lat' dir='ltr'><strong>duram</strong></span> <span class='ocrx_word' id='word_1_56' title='bbox 401 845 431 894; x_wconf 90' lang='lat' dir='ltr'><strong>et</strong></span> <span class='ocrx_word' id='word_1_57' title='bbox 445 833 531 912; x_wconf 81' lang='lat' dir='ltr'><strong>quasi</strong></span> <span class='ocrx_word' id='word_1_58' title='bbox 551 829 679 888; x_wconf 87' lang='lat' dir='ltr'><strong>ferream</strong></span> <span class='ocrx_word' id='word_1_59' title='bbox 695 825 924 904; x_wconf 77' lang='lat' dir='ltr'><strong>assequendam</strong></span> <span class='ocrx_word' id='word_1_60' title='bbox 939 825 1048 886; x_wconf 92' lang='lat' dir='ltr'><strong>volunt</strong></span> <span class='ocrx_word' id='word_1_61' title='bbox 1057 845 1065 897; x_wconf 91' lang='lat'>;</span> 
     </span>
     <span class='ocr_line' id='line_1_9' title="bbox 168 906 1067 994; baseline -0.012 -20"><span class='ocrx_word' id='word_1_62' title='bbox 168 936 246 994; x_wconf 87' lang='lat' dir='ltr'><strong>quae</strong></span> <span class='ocrx_word' id='word_1_63' title='bbox 260 915 382 993; x_wconf 91' lang='lat' dir='ltr'><strong>quidem</strong></span> <span class='ocrx_word' id='word_1_64' title='bbox 396 923 440 975; x_wconf 91' lang='lat' dir='ltr'><strong>est</strong></span> <span class='ocrx_word' id='word_1_65' title='bbox 455 934 549 991; x_wconf 89' lang='lat' dir='ltr'><strong>quum</strong></span> <span class='ocrx_word' id='word_1_66' title='bbox 571 908 676 970; x_wconf 86' lang='lat' dir='ltr'><strong>multis</strong></span> <span class='ocrx_word' id='word_1_67' title='bbox 698 908 730 965; x_wconf 91' lang='lat' dir='ltr'><strong>in</strong></span> <span class='ocrx_word' id='word_1_68' title='bbox 751 909 840 965; x_wconf 86' lang='lat' dir='ltr'><strong>rebus</strong></span> <span class='ocrx_word' id='word_1_69' title='bbox 859 916 924 966; x_wconf 90' lang='lat' dir='ltr'><strong>tum</strong></span> <span class='ocrx_word' id='word_1_70' title='bbox 942 906 973 965; x_wconf 94' lang='lat' dir='ltr'><strong>in</strong></span> <span class='ocrx_word' id='word_1_71' title='bbox 993 906 1067 964; x_wconf 92' lang='lat' dir='ltr'><strong>arui·</strong></span> 
     </span>
     <span class='ocr_line' id='line_1_10' title="bbox 169 987 1064 1073; baseline -0.011 -18"><span class='ocrx_word' id='word_1_72' title='bbox 169 996 241 1055; x_wconf 89' lang='lat' dir='ltr'><strong>citia</strong></span> <span class='ocrx_word' id='word_1_73' title='bbox 255 1005 359 1055; x_wconf 89' lang='lat' dir='ltr'><strong>tenera</strong></span> <span class='ocrx_word' id='word_1_74' title='bbox 373 1004 463 1073; x_wconf 89' lang='lat' dir='ltr'><strong>atque</strong></span> <span class='ocrx_word' id='word_1_75' title='bbox 479 993 658 1064; x_wconf 78' lang='lat' dir='ltr'><strong>tractabilia,</strong></span> <span class='ocrx_word' id='word_1_76' title='bbox 673 999 753 1051; x_wconf 92' lang='lat' dir='ltr'><strong>utet</strong></span> <span class='ocrx_word' id='word_1_77' title='bbox 768 988 853 1048; x_wconf 92' lang='lat' dir='ltr'><strong>bonis</strong></span> <span class='ocrx_word' id='word_1_78' title='bbox 874 987 965 1047; x_wconf 89' lang='lat' dir='ltr'><strong>amici</strong></span> <span class='ocrx_word' id='word_1_79' title='bbox 980 987 1064 1065; x_wconf 83' lang='lat' dir='ltr'><strong>quasi</strong></span> 
     </span>
     <span class='ocr_line' id='line_1_11' title="bbox 169 1068 1120 1145; baseline -0.004 -11"><span class='ocrx_word' id='word_1_80' title='bbox 169 1075 357 1135; x_wconf 84' lang='lat' dir='ltr'><strong>diffundatur</strong></span> <span class='ocrx_word' id='word_1_81' title='bbox 366 1086 396 1135; x_wconf 89' lang='lat' dir='ltr'><strong>et</strong></span> <span class='ocrx_word' id='word_1_82' title='bbox 405 1075 602 1134; x_wconf 91' lang='lat' dir='ltr'><strong>incommodis</strong></span> <span class='ocrx_word' id='word_1_83' title='bbox 614 1072 821 1132; x_wconf 82' lang='lat' dir='ltr'><strong>contrahatur.</strong></span> <span class='ocrx_word' id='word_1_84' title='bbox 860 1068 1065 1145; x_wconf 75' lang='lat' dir='ltr'><strong>Quamobrem</strong></span> <span class='ocrx_word' id='word_1_85' title='bbox 1082 1069 1120 1131; x_wconf 90' lang='lat'><strong>10</strong></span> 
     </span>
     <span class='ocr_line' id='line_1_12' title="bbox 169 1151 1067 1234; baseline -0.01 -19"><span class='ocrx_word' id='word_1_86' title='bbox 169 1175 264 1234; x_wconf 83' lang='lat' dir='ltr'><strong>angor</strong></span> <span class='ocrx_word' id='word_1_87' title='bbox 284 1155 348 1226; x_wconf 91' lang='lat' dir='ltr'><strong>iste,</strong></span> <span class='ocrx_word' id='word_1_88' title='bbox 370 1155 423 1233; x_wconf 94' lang='lat' dir='ltr'><strong>qui</strong></span> <span class='ocrx_word' id='word_1_89' title='bbox 443 1175 498 1234; x_wconf 92' lang='lat' dir='ltr'><strong>pro</strong></span> <span class='ocrx_word' id='word_1_90' title='bbox 519 1155 617 1214; x_wconf 91' lang='lat' dir='ltr'><strong>amico</strong></span> <span class='ocrx_word' id='word_1_91' title='bbox 637 1173 725 1231; x_wconf 87' lang='lat' dir='ltr'><strong>saepe</strong></span> <span class='ocrx_word' id='word_1_92' title='bbox 747 1151 912 1228; x_wconf 89' lang='lat' dir='ltr'><strong>capiendus</strong></span> <span class='ocrx_word' id='word_1_93' title='bbox 932 1158 985 1221; x_wconf 91' lang='lat' dir='ltr'><strong>cst,</strong></span> <span class='ocrx_word' id='word_1_94' title='bbox 1006 1168 1067 1207; x_wconf 92' lang='lat' dir='ltr'><strong>non</strong></span> 
     </span>
     <span class='ocr_line' id='line_1_13' title="bbox 169 1227 1066 1306; baseline -0.01 -11"><span class='ocrx_word' id='word_1_95' title='bbox 169 1244 290 1295; x_wconf 88' lang='lat' dir='ltr'><strong>tantum</strong></span> <span class='ocrx_word' id='word_1_96' title='bbox 309 1235 400 1306; x_wconf 87' lang='lat' dir='ltr'><strong>valet,</strong></span> <span class='ocrx_word' id='word_1_97' title='bbox 415 1246 450 1295; x_wconf 91' lang='lat' dir='ltr'><strong>ut</strong></span> <span class='ocrx_word' id='word_1_98' title='bbox 473 1235 562 1295; x_wconf 86' lang='lat' dir='ltr'><strong>tollat</strong></span> <span class='ocrx_word' id='word_1_99' title='bbox 584 1256 600 1295; x_wconf 88' lang='lat' dir='ltr'><strong>e</strong></span> <span class='ocrx_word' id='word_1_100' title='bbox 625 1234 690 1295; x_wconf 87' lang='lat' dir='ltr'><strong>vita</strong></span> <span class='ocrx_word' id='word_1_101' title='bbox 714 1231 890 1302; x_wconf 77' lang='lat' dir='ltr'><strong>amicitiam,</strong></span> <span class='ocrx_word' id='word_1_102' title='bbox 913 1249 974 1288; x_wconf 91' lang='lat' dir='ltr'><strong>non</strong></span> <span class='ocrx_word' id='word_1_103' title='bbox 997 1227 1066 1306; x_wconf 90' lang='lat' dir='ltr'><strong>plus</strong></span> 
     </span>
     <span class='ocr_line' id='line_1_14' title="bbox 169 1309 1067 1394; baseline -0.01 -19"><span class='ocrx_word' id='word_1_104' title='bbox 169 1335 260 1393; x_wconf 91' lang='lat' dir='ltr'><strong>quam</strong></span> <span class='ocrx_word' id='word_1_105' title='bbox 277 1323 310 1375; x_wconf 93' lang='lat' dir='ltr'><strong>ut</strong></span> <span class='ocrx_word' id='word_1_106' title='bbox 325 1315 461 1389; x_wconf 85' lang='lat' dir='ltr'><strong>virtutes,</strong></span> <span class='ocrx_word' id='word_1_107' title='bbox 476 1317 549 1394; x_wconf 87' lang='lat' dir='ltr'><strong>quia</strong></span> <span class='ocrx_word' id='word_1_108' title='bbox 570 1312 734 1375; x_wconf 85' lang='lat' dir='ltr'><strong>nonnullas</strong></span> <span class='ocrx_word' id='word_1_109' title='bbox 757 1331 845 1372; x_wconf 87' lang='lat' dir='ltr'><strong>curas</strong></span> <span class='ocrx_word' id='word_1_110' title='bbox 863 1318 894 1370; x_wconf 89' lang='lat' dir='ltr'><strong>et</strong></span> <span class='ocrx_word' id='word_1_111' title='bbox 915 1309 1067 1370; x_wconf 76' lang='lat' dir='ltr'><strong>molestias</strong></span> 
     </span>
     <span class='ocr_line' id='line_1_15' title="bbox 170 1395 525 1473; baseline 0.003 -19"><span class='ocrx_word' id='word_1_112' title='bbox 170 1396 307 1468; x_wconf 82' lang='lat' dir='ltr'><strong>afferunt,</strong></span> <span class='ocrx_word' id='word_1_113' title='bbox 320 1395 525 1473; x_wconf 85' lang='lat' dir='ltr'><strong>repudientur.</strong></span> 
     </span>
    </p>

    <p class='ocr_par' dir='ltr' id='par_1_4' title="bbox 138 1471 1125 3474">
     <span class='ocr_line' id='line_1_16' title="bbox 138 1471 1121 1572; baseline -0.001 -37"><span class='ocrx_word' id='word_1_114' title='bbox 138 1471 303 1572; x_wconf 48' lang='lat' dir='ltr'><strong>yXlV.</strong></span> <span class='ocrx_word' id='word_1_115' title='bbox 325 1475 430 1551; x_wconf 74' lang='lat' dir='ltr'><strong>Quum</strong></span> <span class='ocrx_word' id='word_1_116' title='bbox 445 1486 546 1536; x_wconf 87' lang='lat' dir='ltr'><strong>autem</strong></span> <span class='ocrx_word' id='word_1_117' title='bbox 561 1477 721 1538; x_wconf 88' lang='lat' dir='ltr'><strong>contrahat</strong></span> <span class='ocrx_word' id='word_1_118' title='bbox 732 1475 911 1547; x_wconf 85' lang='lat' dir='ltr'><strong>amicitiam,</strong></span> <span class='ocrx_word' id='word_1_119' title='bbox 926 1484 1067 1551; x_wconf 88' lang='lat' dir='ltr'><strong>utsupra</strong></span> <span class='ocrx_word' id='word_1_120' title='bbox 1082 1473 1121 1534; x_wconf 88' lang='lat'><strong>15</strong></span> 
     </span>
     <span class='ocr_line' id='line_1_17' title="bbox 170 1553 1068 1634; baseline -0.003 -20"><span class='ocrx_word' id='word_1_121' title='bbox 170 1553 245 1626; x_wconf 88' lang='lat' dir='ltr'><strong>dixi,</strong></span> <span class='ocrx_word' id='word_1_122' title='bbox 260 1555 286 1614; x_wconf 91' lang='lat' dir='ltr'><strong>si</strong></span> <span class='ocrx_word' id='word_1_123' title='bbox 300 1575 360 1633; x_wconf 89' lang='lat' dir='ltr'><strong>qua</strong></span> <span class='ocrx_word' id='word_1_124' title='bbox 374 1555 554 1632; x_wconf 87' lang='lat' dir='ltr'><strong>significatio</strong></span> <span class='ocrx_word' id='word_1_125' title='bbox 570 1557 691 1618; x_wconf 90' lang='lat' dir='ltr'><strong>virtutis</strong></span> <span class='ocrx_word' id='word_1_126' title='bbox 713 1557 840 1626; x_wconf 87' lang='lat' dir='ltr'><strong>eluceat,</strong></span> <span class='ocrx_word' id='word_1_127' title='bbox 863 1555 902 1616; x_wconf 93' lang='lat' dir='ltr'><strong>ad</strong></span> <span class='ocrx_word' id='word_1_128' title='bbox 924 1575 1016 1634; x_wconf 89' lang='lat' dir='ltr'><strong>quarn</strong></span> <span class='ocrx_word' id='word_1_129' title='bbox 1036 1572 1068 1612; x_wconf 88' lang='lat' dir='ltr'><strong>se</strong></span> 
     </span>
     <span class='ocr_line' id='line_1_18' title="bbox 169 1632 1067 1716; baseline -0.004 -22"><span class='ocrx_word' id='word_1_130' title='bbox 169 1635 277 1694; x_wconf 88' lang='lat' dir='ltr'><strong>similis</strong></span> <span class='ocrx_word' id='word_1_131' title='bbox 290 1635 409 1694; x_wconf 88' lang='lat' dir='ltr'><strong>animus</strong></span> <span class='ocrx_word' id='word_1_132' title='bbox 424 1636 556 1714; x_wconf 89' lang='lat' dir='ltr'><strong>applicet</strong></span> <span class='ocrx_word' id='word_1_133' title='bbox 570 1645 600 1696; x_wconf 89' lang='lat' dir='ltr'><strong>et</strong></span> <span class='ocrx_word' id='word_1_134' title='bbox 614 1637 771 1716; x_wconf 85' lang='lat' dir='ltr'><strong>adjungat,</strong></span> <span class='ocrx_word' id='word_1_135' title='bbox 783 1638 815 1696; x_wconf 91' lang='lat' dir='ltr'><strong>id</strong></span> <span class='ocrx_word' id='word_1_136' title='bbox 826 1655 920 1714; x_wconf 93' lang='lat' dir='ltr'><strong>quum</strong></span> <span class='ocrx_word' id='word_1_137' title='bbox 932 1632 1067 1711; x_wconf 86' lang='lat' dir='ltr'><strong>contigit,</strong></span> 
     </span>
     <span class='ocr_line' id='line_1_19' title="bbox 170 1714 1068 1794; baseline -0.006 -19"><span class='ocrx_word' id='word_1_138' title='bbox 170 1734 256 1775; x_wconf 89' lang='lat' dir='ltr'><strong>amor</strong></span> <span class='ocrx_word' id='word_1_139' title='bbox 276 1717 432 1774; x_wconf 85' lang='lat' dir='ltr'><strong>exoriatur</strong></span> <span class='ocrx_word' id='word_1_140' title='bbox 452 1737 570 1777; x_wconf 89' lang='lat' dir='ltr'><strong>necesse</strong></span> <span class='ocrx_word' id='word_1_141' title='bbox 590 1728 643 1778; x_wconf 88' lang='lat' dir='ltr'><strong>est.</strong></span> <span class='ocrx_word' id='word_1_142' title='bbox 687 1717 771 1794; x_wconf 68' lang='lat' dir='ltr'><strong>Quid</strong></span> <span class='ocrx_word' id='word_1_143' title='bbox 787 1719 868 1778; x_wconf 90' lang='lat' dir='ltr'><strong>enim</strong></span> <span class='ocrx_word' id='word_1_144' title='bbox 884 1725 948 1774; x_wconf 90' lang='lat' dir='ltr'><strong>tam</strong></span> <span class='ocrx_word' id='word_1_145' title='bbox 966 1714 1068 1774; x_wconf 89' lang='lat' dir='ltr'><strong>absur-</strong></span> 
     </span>
     <span class='ocr_line' id='line_1_20' title="bbox 170 1794 1068 1873; baseline -0.003 -19"><span class='ocrx_word' id='word_1_146' title='bbox 170 1794 244 1854; x_wconf 91' lang='lat' dir='ltr'><strong>dum</strong></span> <span class='ocrx_word' id='word_1_147' title='bbox 257 1815 348 1873; x_wconf 89' lang='lat' dir='ltr'><strong>quarn</strong></span> <span class='ocrx_word' id='word_1_148' title='bbox 359 1794 504 1857; x_wconf 90' lang='lat' dir='ltr'><strong>delectari</strong></span> <span class='ocrx_word' id='word_1_149' title='bbox 518 1797 620 1858; x_wconf 89' lang='lat' dir='ltr'><strong>multis</strong></span> <span class='ocrx_word' id='word_1_150' title='bbox 632 1799 773 1858; x_wconf 88' lang='lat' dir='ltr'><strong>inanibus</strong></span> <span class='ocrx_word' id='word_1_151' title='bbox 789 1796 885 1870; x_wconf 89' lang='lat' dir='ltr'><strong>rebus,</strong></span> <span class='ocrx_word' id='word_1_152' title='bbox 897 1803 933 1856; x_wconf 90' lang='lat' dir='ltr'><strong>ut</strong></span> <span class='ocrx_word' id='word_1_153' title='bbox 946 1795 1068 1863; x_wconf 90' lang='lat' dir='ltr'><strong>honore,</strong></span> 
     </span>
     <span class='ocr_line' id='line_1_21' title="bbox 170 1873 1123 1956; baseline 0.001 -22"><span class='ocrx_word' id='word_1_154' title='bbox 170 1886 206 1934; x_wconf 89' lang='lat' dir='ltr'><strong>ut</strong></span> <span class='ocrx_word' id='word_1_155' title='bbox 226 1875 331 1953; x_wconf 87' lang='lat' dir='ltr'><strong>gloria,</strong></span> <span class='ocrx_word' id='word_1_156' title='bbox 353 1885 388 1934; x_wconf 90' lang='lat' dir='ltr'><strong>ut</strong></span> <span class='ocrx_word' id='word_1_157' title='bbox 408 1877 554 1951; x_wconf 86' lang='lat' dir='ltr'><strong>aedificic,</strong></span> <span class='ocrx_word' id='word_1_158' title='bbox 574 1886 608 1938; x_wconf 91' lang='lat' dir='ltr'><strong>ut</strong></span> <span class='ocrx_word' id='word_1_159' title='bbox 624 1879 735 1940; x_wconf 82' lang='lat' dir='ltr'><strong>vestitu</strong></span> <span class='ocrx_word' id='word_1_160' title='bbox 761 1877 906 1956; x_wconf 89' lang='lat' dir='ltr'><strong>cultuque</strong></span> <span class='ocrx_word' id='word_1_161' title='bbox 926 1874 1067 1954; x_wconf 90' lang='lat' dir='ltr'><strong>corporis,</strong></span> <span class='ocrx_word' id='word_1_162' title='bbox 1083 1873 1123 1935; x_wconf 83' lang='lat'><strong>20</strong></span> 
     </span>
     <span class='ocr_line' id='line_1_22' title="bbox 170 1954 1068 2036; baseline -0.002 -22"><span class='ocrx_word' id='word_1_163' title='bbox 170 1955 273 2014; x_wconf 89' lang='lat' dir='ltr'><strong>animo</strong></span> <span class='ocrx_word' id='word_1_164' title='bbox 294 1965 395 2015; x_wconf 88' lang='lat' dir='ltr'><strong>autem</strong></span> <span class='ocrx_word' id='word_1_165' title='bbox 415 1958 529 2017; x_wconf 89' lang='lat' dir='ltr'><strong>virtute</strong></span> <span class='ocrx_word' id='word_1_166' title='bbox 550 1959 697 2036; x_wconf 90' lang='lat' dir='ltr'><strong>praedito,</strong></span> <span class='ocrx_word' id='word_1_167' title='bbox 713 1978 747 2018; x_wconf 93' lang='lat' dir='ltr'><strong>eo</strong></span> <span class='ocrx_word' id='word_1_168' title='bbox 761 1959 813 2036; x_wconf 92' lang='lat' dir='ltr'><strong>qui</strong></span> <span class='ocrx_word' id='word_1_169' title='bbox 829 1958 878 2019; x_wconf 86' lang='lat' dir='ltr'><strong>vel</strong></span> <span class='ocrx_word' id='word_1_170' title='bbox 893 1976 995 2016; x_wconf 89' lang='lat' dir='ltr'><strong>amare</strong></span> <span class='ocrx_word' id='word_1_171' title='bbox 1009 1954 1068 2026; x_wconf 92' lang='lat' dir='ltr'><strong>vel,</strong></span> 
     </span>
     <span class='ocr_line' id='line_1_23' title="bbox 170 2034 1069 2116; baseline 0 -23"><span class='ocrx_word' id='word_1_172' title='bbox 170 2043 206 2093; x_wconf 92' lang='lat' dir='ltr'><strong>ut</strong></span> <span class='ocrx_word' id='word_1_173' title='bbox 225 2034 269 2094; x_wconf 89' lang='lat' dir='ltr'><strong>ita</strong></span> <span class='ocrx_word' id='word_1_174' title='bbox 287 2035 397 2108; x_wconf 92' lang='lat' dir='ltr'><strong>dicam,</strong></span> <span class='ocrx_word' id='word_1_175' title='bbox 413 2037 569 2098; x_wconf 88' lang='lat' dir='ltr'><strong>redamare</strong></span> <span class='ocrx_word' id='word_1_176' title='bbox 590 2039 691 2116; x_wconf 88' lang='lat' dir='ltr'><strong>possit,</strong></span> <span class='ocrx_word' id='word_1_177' title='bbox 706 2059 767 2098; x_wconf 92' lang='lat' dir='ltr'><strong>non</strong></span> <span class='ocrx_word' id='word_1_178' title='bbox 788 2037 952 2098; x_wconf 89' lang='lat' dir='ltr'><strong>admodum</strong></span> <span class='ocrx_word' id='word_1_179' title='bbox 973 2034 1069 2095; x_wconf 91' lang='lat' dir='ltr'><strong>delec-</strong></span> 
     </span>
     <span class='ocr_line' id='line_1_24' title="bbox 171 2114 1069 2187; baseline -0.001 -13"><span class='ocrx_word' id='word_1_180' title='bbox 171 2114 252 2174; x_wconf 82' lang='lat' dir='ltr'><strong>tari?</strong></span> <span class='ocrx_word' id='word_1_181' title='bbox 293 2114 380 2174; x_wconf 91' lang='lat' dir='ltr'><strong>Nihil</strong></span> <span class='ocrx_word' id='word_1_182' title='bbox 403 2126 447 2178; x_wconf 88' lang='lat' dir='ltr'><strong>est</strong></span> <span class='ocrx_word' id='word_1_183' title='bbox 468 2119 548 2177; x_wconf 90' lang='lat' dir='ltr'><strong>enim</strong></span> <span class='ocrx_word' id='word_1_184' title='bbox 570 2119 813 2178; x_wconf 90' lang='lat' dir='ltr'><strong>remuneratione</strong></span> <span class='ocrx_word' id='word_1_185' title='bbox 832 2115 1069 2187; x_wconf 88' lang='lat' dir='ltr'><strong>benevolentiae,</strong></span> 
     </span>
     <span class='ocr_line' id='line_1_25' title="bbox 170 2194 1069 2276; baseline 0.001 -24"><span class='ocrx_word' id='word_1_186' title='bbox 170 2194 248 2252; x_wconf 91' lang='lat' dir='ltr'><strong>nihil</strong></span> <span class='ocrx_word' id='word_1_187' title='bbox 261 2195 470 2256; x_wconf 86' lang='lat' dir='ltr'><strong>vicissitudine</strong></span> <span class='ocrx_word' id='word_1_188' title='bbox 479 2199 648 2258; x_wconf 86' lang='lat' dir='ltr'><strong>studiorum</strong></span> <span class='ocrx_word' id='word_1_189' title='bbox 660 2199 885 2276; x_wconf 87' lang='lat' dir='ltr'><strong>officiorumque</strong></span> <span class='ocrx_word' id='word_1_190' title='bbox 894 2194 1069 2276; x_wconf 88' lang='lat' dir='ltr'><strong>jucundius.</strong></span> 
     </span>
     <span class='ocr_line' id='line_1_26' title="bbox 172 2273 1124 2357; baseline 0.003 -25"><span class='ocrx_word' id='word_1_191' title='bbox 172 2273 276 2350; x_wconf 72' lang='lat' dir='ltr'><strong>Quid?</strong></span> <span class='ocrx_word' id='word_1_192' title='bbox 289 2275 315 2334; x_wconf 90' lang='lat' dir='ltr'><strong>si</strong></span> <span class='ocrx_word' id='word_1_193' title='bbox 329 2275 408 2336; x_wconf 91' lang='lat' dir='ltr'><strong>illud</strong></span> <span class='ocrx_word' id='word_1_194' title='bbox 423 2278 514 2338; x_wconf 88' lang='lat' dir='ltr'><strong>etiam</strong></span> <span class='ocrx_word' id='word_1_195' title='bbox 529 2277 679 2350; x_wconf 90' lang='lat' dir='ltr'><strong>addimus,</strong></span> <span class='ocrx_word' id='word_1_196' title='bbox 691 2279 772 2357; x_wconf 90' lang='lat' dir='ltr'><strong>quod</strong></span> <span class='ocrx_word' id='word_1_197' title='bbox 787 2289 867 2338; x_wconf 86' lang='lat' dir='ltr'><strong>recte</strong></span> <span class='ocrx_word' id='word_1_198' title='bbox 880 2277 952 2337; x_wconf 86' lang='lat' dir='ltr'><strong>addi</strong></span> <span class='ocrx_word' id='word_1_199' title='bbox 962 2283 1069 2354; x_wconf 90' lang='lat' dir='ltr'><strong>potest,</strong></span> <span class='ocrx_word' id='word_1_200' title='bbox 1084 2274 1124 2335; x_wconf 80' lang='lat'><strong>25</strong></span> 
     </span>
     <span class='ocr_line' id='line_1_27' title="bbox 171 2353 1070 2433; baseline 0.002 -22"><span class='ocrx_word' id='word_1_201' title='bbox 171 2353 250 2412; x_wconf 91' lang='lat' dir='ltr'><strong>nihil</strong></span> <span class='ocrx_word' id='word_1_202' title='bbox 264 2374 326 2414; x_wconf 90' lang='lat' dir='ltr'><strong>esse</strong></span> <span class='ocrx_word' id='word_1_203' title='bbox 341 2356 422 2433; x_wconf 91' lang='lat' dir='ltr'><strong>quod</strong></span> <span class='ocrx_word' id='word_1_204' title='bbox 436 2358 475 2418; x_wconf 90' lang='lat' dir='ltr'><strong>ad</strong></span> <span class='ocrx_word' id='word_1_205' title='bbox 490 2379 521 2418; x_wconf 90' lang='lat' dir='ltr'><strong>se</strong></span> <span class='ocrx_word' id='word_1_206' title='bbox 536 2378 598 2418; x_wconf 90' lang='lat' dir='ltr'><strong>rem</strong></span> <span class='ocrx_word' id='word_1_207' title='bbox 614 2357 711 2418; x_wconf 91' lang='lat' dir='ltr'><strong>ullam</strong></span> <span class='ocrx_word' id='word_1_208' title='bbox 729 2368 792 2419; x_wconf 88' lang='lat' dir='ltr'><strong>tam</strong></span> <span class='ocrx_word' id='word_1_209' title='bbox 811 2357 920 2416; x_wconf 87' lang='lat' dir='ltr'><strong>illiciat</strong></span> <span class='ocrx_word' id='word_1_210' title='bbox 934 2365 964 2416; x_wconf 89' lang='lat' dir='ltr'><strong>et</strong></span> <span class='ocrx_word' id='word_1_211' title='bbox 978 2364 1070 2415; x_wconf 88' lang='lat' dir='ltr'><strong>attra-</strong></span> 
     </span>
     <span class='ocr_line' id='line_1_28' title="bbox 171 2433 1070 2514; baseline 0 -22"><span class='ocrx_word' id='word_1_212' title='bbox 171 2433 226 2493; x_wconf 89' lang='lat' dir='ltr'><strong>hat</strong></span> <span class='ocrx_word' id='word_1_213' title='bbox 247 2455 338 2512; x_wconf 87' lang='lat' dir='ltr'><strong>quarn</strong></span> <span class='ocrx_word' id='word_1_214' title='bbox 359 2436 400 2496; x_wconf 91' lang='lat' dir='ltr'><strong>ad</strong></span> <span class='ocrx_word' id='word_1_215' title='bbox 420 2437 587 2498; x_wconf 89' lang='lat' dir='ltr'><strong>amicitiam</strong></span> <span class='ocrx_word' id='word_1_216' title='bbox 608 2439 786 2510; x_wconf 90' lang='lat' dir='ltr'><strong>similitudo,</strong></span> <span class='ocrx_word' id='word_1_217' title='bbox 802 2437 984 2498; x_wconf 89' lang='lat' dir='ltr'><strong>concedetur</strong></span> <span class='ocrx_word' id='word_1_218' title='bbox 1004 2453 1070 2514; x_wconf 84' lang='lat' dir='ltr'><strong>pro</strong></span> 
     </span>
     <span class='ocr_line' id='line_1_29' title="bbox 172 2513 1070 2596; baseline 0 -24"><span class='ocrx_word' id='word_1_219' title='bbox 172 2513 251 2573; x_wconf 85' lang='lat' dir='ltr'><strong>fecto</strong></span> <span class='ocrx_word' id='word_1_220' title='bbox 266 2535 372 2575; x_wconf 86' lang='lat' dir='ltr'><strong>verum</strong></span> <span class='ocrx_word' id='word_1_221' title='bbox 386 2537 455 2589; x_wconf 87' lang='lat' dir='ltr'><strong>esse,</strong></span> <span class='ocrx_word' id='word_1_222' title='bbox 466 2527 500 2576; x_wconf 93' lang='lat' dir='ltr'><strong>ut</strong></span> <span class='ocrx_word' id='word_1_223' title='bbox 511 2517 604 2578; x_wconf 92' lang='lat' dir='ltr'><strong>bonos</strong></span> <span class='ocrx_word' id='word_1_224' title='bbox 614 2518 684 2578; x_wconf 93' lang='lat' dir='ltr'><strong>boni</strong></span> <span class='ocrx_word' id='word_1_225' title='bbox 697 2517 828 2596; x_wconf 86' lang='lat' dir='ltr'><strong>diligant</strong></span> <span class='ocrx_word' id='word_1_226' title='bbox 842 2517 1070 2592; x_wconf 90' lang='lat' dir='ltr'><strong>adsciscantque</strong></span> 
     </span>
     <span class='ocr_line' id='line_1_30' title="bbox 171 2593 1069 2677; baseline 0.001 -26"><span class='ocrx_word' id='word_1_227' title='bbox 171 2593 229 2652; x_wconf 91' lang='lat' dir='ltr'><strong>sibi</strong></span> <span class='ocrx_word' id='word_1_228' title='bbox 257 2596 342 2674; x_wconf 91' lang='lat' dir='ltr'><strong>quasi</strong></span> <span class='ocrx_word' id='word_1_229' title='bbox 371 2597 599 2676; x_wconf 90' lang='lat' dir='ltr'><strong>propinquitate</strong></span> <span class='ocrx_word' id='word_1_230' title='bbox 628 2599 803 2677; x_wconf 90' lang='lat' dir='ltr'><strong>conjunctos</strong></span> <span class='ocrx_word' id='word_1_231' title='bbox 832 2605 923 2674; x_wconf 91' lang='lat' dir='ltr'><strong>atque</strong></span> <span class='ocrx_word' id='word_1_232' title='bbox 950 2604 1069 2654; x_wconf 88' lang='lat' dir='ltr'><strong>natura.</strong></span> 
     </span>
     <span class='ocr_line' id='line_1_31' title="bbox 172 2671 1124 2755; baseline 0 -23"><span class='ocrx_word' id='word_1_233' title='bbox 172 2671 261 2733; x_wconf 90' lang='lat' dir='ltr'><strong>Nihil</strong></span> <span class='ocrx_word' id='word_1_234' title='bbox 276 2683 321 2734; x_wconf 89' lang='lat' dir='ltr'><strong>est</strong></span> <span class='ocrx_word' id='word_1_235' title='bbox 336 2679 415 2735; x_wconf 88' lang='lat' dir='ltr'><strong>enim</strong></span> <span class='ocrx_word' id='word_1_236' title='bbox 431 2678 622 2755; x_wconf 87' lang='lat' dir='ltr'><strong>appetentius</strong></span> <span class='ocrx_word' id='word_1_237' title='bbox 634 2679 779 2738; x_wconf 90' lang='lat' dir='ltr'><strong>similium</strong></span> <span class='ocrx_word' id='word_1_238' title='bbox 791 2677 846 2747; x_wconf 90' lang='lat' dir='ltr'><strong>soi,</strong></span> <span class='ocrx_word' id='word_1_239' title='bbox 856 2696 911 2735; x_wconf 93' lang='lat' dir='ltr'><strong>nec</strong></span> <span class='ocrx_word' id='word_1_240' title='bbox 922 2675 1069 2753; x_wconf 89' lang='lat' dir='ltr'><strong>rapacius,</strong></span> <span class='ocrx_word' id='word_1_241' title='bbox 1085 2672 1124 2733; x_wconf 88' lang='lat'><strong>30</strong></span> 
     </span>
     <span class='ocr_line' id='line_1_32' title="bbox 173 2753 1072 2835; baseline 0.001 -24"><span class='ocrx_word' id='word_1_242' title='bbox 173 2773 264 2832; x_wconf 89' lang='lat' dir='ltr'><strong>quam</strong></span> <span class='ocrx_word' id='word_1_243' title='bbox 289 2764 407 2816; x_wconf 88' lang='lat' dir='ltr'><strong>natura.</strong></span> <span class='ocrx_word' id='word_1_244' title='bbox 451 2757 657 2833; x_wconf 75' lang='lat' dir='ltr'><strong>Quamobrem</strong></span> <span class='ocrx_word' id='word_1_245' title='bbox 683 2758 740 2817; x_wconf 91' lang='lat' dir='ltr'><strong>boc</strong></span> <span class='ocrx_word' id='word_1_246' title='bbox 763 2757 895 2835; x_wconf 86' lang='lat' dir='ltr'><strong>quidem,</strong></span> <span class='ocrx_word' id='word_1_247' title='bbox 918 2753 1020 2814; x_wconf 87' lang='lat' dir='ltr'><strong>Fauni</strong></span> <span class='ocrx_word' id='word_1_248' title='bbox 1041 2761 1072 2813; x_wconf 88' lang='lat' dir='ltr'><strong>et</strong></span> 
     </span>
     <span class='ocr_line' id='line_1_33' title="bbox 172 2823 1070 2916; baseline -0.003 -22"><span class='ocrx_word' id='word_1_249' title='bbox 172 2823 328 2906; x_wconf 77' lang='lat' dir='ltr'><strong>Scaevola,</strong></span> <span class='ocrx_word' id='word_1_250' title='bbox 344 2845 468 2910; x_wconf 89' lang='lat' dir='ltr'><strong>constet,</strong></span> <span class='ocrx_word' id='word_1_251' title='bbox 485 2847 520 2897; x_wconf 93' lang='lat' dir='ltr'><strong>ut</strong></span> <span class='ocrx_word' id='word_1_252' title='bbox 535 2838 652 2916; x_wconf 91' lang='lat' dir='ltr'><strong>opinor,</strong></span> <span class='ocrx_word' id='word_1_253' title='bbox 667 2837 753 2897; x_wconf 88' lang='lat' dir='ltr'><strong>bonis</strong></span> <span class='ocrx_word' id='word_1_254' title='bbox 775 2839 854 2896; x_wconf 90' lang='lat' dir='ltr'><strong>inter</strong></span> <span class='ocrx_word' id='word_1_255' title='bbox 874 2835 967 2896; x_wconf 92' lang='lat' dir='ltr'><strong>bonos</strong></span> <span class='ocrx_word' id='word_1_256' title='bbox 984 2833 1070 2912; x_wconf 91' lang='lat' dir='ltr'><strong>quasi</strong></span> 
     </span>
     <span class='ocr_line' id='line_1_34' title="bbox 173 2913 1072 2996; baseline 0 -24"><span class='ocrx_word' id='word_1_257' title='bbox 173 2915 370 2975; x_wconf 86' lang='lat' dir='ltr'><strong>necessariam</strong></span> <span class='ocrx_word' id='word_1_258' title='bbox 385 2917 638 2988; x_wconf 89' lang='lat' dir='ltr'><strong>benevolentiam,</strong></span> <span class='ocrx_word' id='word_1_259' title='bbox 654 2917 706 2996; x_wconf 92' lang='lat' dir='ltr'><strong>qui</strong></span> <span class='ocrx_word' id='word_1_260' title='bbox 727 2925 771 2976; x_wconf 87' lang='lat' dir='ltr'><strong>est</strong></span> <span class='ocrx_word' id='word_1_261' title='bbox 792 2915 945 2976; x_wconf 91' lang='lat' dir='ltr'><strong>amicitiae</strong></span> <span class='ocrx_word' id='word_1_262' title='bbox 966 2913 1032 2973; x_wconf 87' lang='lat' dir='ltr'><strong>fons</strong></span> <span class='ocrx_word' id='word_1_263' title='bbox 1053 2933 1072 2972; x_wconf 91' lang='lat' dir='ltr'><strong>a</strong></span> 
     </span>
     <span class='ocr_line' id='line_1_35' title="bbox 173 2991 1071 3058; baseline 0 -6"><span class='ocrx_word' id='word_1_264' title='bbox 173 3005 284 3054; x_wconf 91' lang='lat' dir='ltr'><strong>natura</strong></span> <span class='ocrx_word' id='word_1_265' title='bbox 312 2998 501 3058; x_wconf 87' lang='lat' dir='ltr'><strong>constitutus.</strong></span> <span class='ocrx_word' id='word_1_266' title='bbox 544 2996 603 3058; x_wconf 81' lang='lat' dir='ltr'><strong>Sed</strong></span> <span class='ocrx_word' id='word_1_267' title='bbox 632 2997 738 3056; x_wconf 89' lang='lat' dir='ltr'><strong>eadem</strong></span> <span class='ocrx_word' id='word_1_268' title='bbox 765 2995 884 3056; x_wconf 87' lang='lat' dir='ltr'><strong>bonitas</strong></span> <span class='ocrx_word' id='word_1_269' title='bbox 912 2995 1003 3054; x_wconf 91' lang='lat' dir='ltr'><strong>etiam</strong></span> <span class='ocrx_word' id='word_1_270' title='bbox 1031 2991 1071 3052; x_wconf 93' lang='lat' dir='ltr'><strong>ad</strong></span> 
     </span>
     <span class='ocr_line' id='line_1_36' title="bbox 173 3071 1125 3157; baseline 0 -25"><span class='ocrx_word' id='word_1_271' title='bbox 173 3073 402 3157; x_wconf 71' lang='lat' dir='ltr'><strong>multitudinem</strong></span> <span class='ocrx_word' id='word_1_272' title='bbox 416 3078 561 3156; x_wconf 88' lang='lat' dir='ltr'><strong>pertinet;</strong></span> <span class='ocrx_word' id='word_1_273' title='bbox 576 3096 637 3135; x_wconf 91' lang='lat' dir='ltr'><strong>non</strong></span> <span class='ocrx_word' id='word_1_274' title='bbox 650 3077 729 3135; x_wconf 91' lang='lat' dir='ltr'><strong>enim</strong></span> <span class='ocrx_word' id='word_1_275' title='bbox 741 3087 785 3135; x_wconf 89' lang='lat' dir='ltr'><strong>est</strong></span> <span class='ocrx_word' id='word_1_276' title='bbox 795 3075 964 3134; x_wconf 89' lang='lat' dir='ltr'><strong>inhumana</strong></span> <span class='ocrx_word' id='word_1_277' title='bbox 974 3073 1071 3134; x_wconf 85' lang='lat' dir='ltr'><strong>virtus</strong></span> <span class='ocrx_word' id='word_1_278' title='bbox 1087 3071 1125 3132; x_wconf 83' lang='lat'><strong>35</strong></span> 
     </span>
     <span class='ocr_line' id='line_1_37' title="bbox 173 3153 1072 3234; baseline 0 -22"><span class='ocrx_word' id='word_1_279' title='bbox 173 3167 270 3232; x_wconf 85' lang='lat' dir='ltr'><strong>neque</strong></span> <span class='ocrx_word' id='word_1_280' title='bbox 293 3153 435 3216; x_wconf 81' lang='lat' dir='ltr'><strong>iuuunnis</strong></span> <span class='ocrx_word' id='word_1_281' title='bbox 458 3176 555 3234; x_wconf 89' lang='lat' dir='ltr'><strong>neque</strong></span> <span class='ocrx_word' id='word_1_282' title='bbox 577 3156 715 3234; x_wconf 86' lang='lat' dir='ltr'><strong>superba,</strong></span> <span class='ocrx_word' id='word_1_283' title='bbox 731 3176 808 3234; x_wconf 91' lang='lat' dir='ltr'><strong>quae</strong></span> <span class='ocrx_word' id='word_1_284' title='bbox 830 3155 921 3214; x_wconf 88' lang='lat' dir='ltr'><strong>etiarn</strong></span> <span class='ocrx_word' id='word_1_285' title='bbox 945 3153 1072 3232; x_wconf 89' lang='lat' dir='ltr'><strong>populos</strong></span> 
     </span>
     <span class='ocr_line' id='line_1_38' title="bbox 174 3230 1072 3314; baseline -0.002 -22"><span class='ocrx_word' id='word_1_286' title='bbox 174 3237 328 3303; x_wconf 59' lang='lat' dir='ltr'><strong>univocam</strong></span> <span class='ocrx_word' id='word_1_287' title='bbox 349 3237 427 3296; x_wconf 91' lang='lat' dir='ltr'><strong>tueri</strong></span> <span class='ocrx_word' id='word_1_288' title='bbox 448 3236 544 3314; x_wconf 90' lang='lat' dir='ltr'><strong>iisque</strong></span> <span class='ocrx_word' id='word_1_289' title='bbox 564 3237 677 3314; x_wconf 90' lang='lat' dir='ltr'><strong>optime</strong></span> <span class='ocrx_word' id='word_1_290' title='bbox 698 3234 853 3294; x_wconf 92' lang='lat' dir='ltr'><strong>consulere</strong></span> <span class='ocrx_word' id='word_1_291' title='bbox 873 3233 977 3304; x_wconf 88' lang='lat' dir='ltr'><strong>soleat,</strong></span> <span class='ocrx_word' id='word_1_292' title='bbox 992 3230 1072 3310; x_wconf 92' lang='lat' dir='ltr'><strong>quod</strong></span> 
     </span>
     <span class='ocr_line' id='line_1_39' title="bbox 174 3313 1071 3394; baseline -0.009 -19"><span class='ocrx_word' id='word_1_293' title='bbox 174 3331 234 3375; x_wconf 84' lang='lat' dir='ltr'><strong>nou</strong></span> <span class='ocrx_word' id='word_1_294' title='bbox 256 3315 369 3375; x_wconf 73' lang='lat' dir='ltr'><strong>laceret</strong></span> <span class='ocrx_word' id='word_1_295' title='bbox 390 3317 533 3394; x_wconf 83' lang='lat' dir='ltr'><strong>profecto,</strong></span> <span class='ocrx_word' id='word_1_296' title='bbox 552 3315 576 3374; x_wconf 93' lang='lat' dir='ltr'><strong>si</strong></span> <span class='ocrx_word' id='word_1_297' title='bbox 600 3335 618 3374; x_wconf 89' lang='lat' dir='ltr'><strong>a</strong></span> <span class='ocrx_word' id='word_1_298' title='bbox 640 3315 766 3374; x_wconf 84' lang='lat' dir='ltr'><strong>caritate</strong></span> <span class='ocrx_word' id='word_1_299' title='bbox 780 3313 866 3391; x_wconf 86' lang='lat' dir='ltr'><strong>vulgi</strong></span> <span class='ocrx_word' id='word_1_300' title='bbox 887 3313 1071 3372; x_wconf 87' lang='lat' dir='ltr'><strong>abhorreret.</strong></span> 
     </span>
     <span class='ocr_line' id='line_1_40' title="bbox 175 3387 1072 3474; baseline -0.008 -20"><span class='ocrx_word' id='word_1_301' title='bbox 175 3391 277 3474; x_wconf 79' lang='lat' dir='ltr'><strong>Atque</strong></span> <span class='ocrx_word' id='word_1_302' title='bbox 304 3395 397 3456; x_wconf 87' lang='lat' dir='ltr'><strong>etiam</strong></span> <span class='ocrx_word' id='word_1_303' title='bbox 425 3395 501 3454; x_wconf 93' lang='lat' dir='ltr'><strong>mihi</strong></span> <span class='ocrx_word' id='word_1_304' title='bbox 529 3394 652 3473; x_wconf 90' lang='lat' dir='ltr'><strong>quidem</strong></span> <span class='ocrx_word' id='word_1_305' title='bbox 675 3393 826 3464; x_wconf 89' lang='lat' dir='ltr'><strong>videntur,</strong></span> <span class='ocrx_word' id='word_1_306' title='bbox 849 3391 901 3469; x_wconf 91' lang='lat' dir='ltr'><strong>qui</strong></span> <span class='ocrx_word' id='word_1_307' title='bbox 929 3387 1072 3450; x_wconf 88' lang='lat' dir='ltr'><strong>utilitatis</strong></span> 
     </span>
    </p>
   </div>
   <div class='ocr_carea' id='block_1_3' title="bbox 0 0 1278 3712">
    <p class='ocr_par' dir='ltr' id='par_1_5' title="bbox 0 0 1278 3712">
     <span class='ocr_line' id='line_1_41' title="bbox 0 0 1278 3712; baseline 0 0"><span class='ocrx_word' id='word_1_308' title='bbox 0 0 1278 3712; x_wconf 95' lang='lat' dir='ltr'><strong> </strong></span> 
     </span>
    </p>
   </div>
   <div class='ocr_carea' id='block_1_4' title="bbox 983 3659 1138 3675">
    <p class='ocr_par' dir='ltr' id='par_1_6' title="bbox 983 3659 1138 3675">
     <span class='ocr_line' id='line_1_42' title="bbox 983 3659 1138 3675; baseline -0.006 -1"><span class='ocrx_word' id='word_1_309' title='bbox 983 3670 999 3675; x_wconf 68' lang='lat'><strong>„-</strong></span> <span class='ocrx_word' id='word_1_310' title='bbox 1013 3659 1138 3673; x_wconf 76' lang='lat'><strong>-.-—·—·¹·¹</strong></span> 
     </span>
    </p>
   </div>
  </div>
 </body>
</html>
