2524 3712
156 195 199 258 20
398 215 435 263 nr.
466 216 634 263 runnu
664 217 915 264 crcaaonrs

248 369 344 432 XIII.
366 370 462 452 Saepe
489 374 596 435 audivi
623 395 673 435 en¹
690 373 855 454 majoribus
882 381 966 447 natu,
991 375 1042 454 qui
1072 396 1103 436 se

208 471 297 530 porro
311 472 419 530 pueros
434 473 452 512 a
466 454 587 513 senibus
608 455 727 514 audisse
747 454 899 526 dicebant,
915 454 1021 514 mirari
1036 455 1104 515 soli-

207 542 273 590 tum
288 531 321 591 0.
339 532 525 602 Fabricium,
533 534 623 611 quod,
635 555 728 612 quum
743 534 825 612 apud
837 555 936 612 regem
949 534 1104 613 Pyrrhum

208 610 325 686 legatus
340 621 423 684 esset,
439 613 572 672 audisset
586 633 604 672 a
619 613 760 673 Thessalo
772 613 867 673 Cinea
881 635 941 674 esse
952 613 1105 692 quendam

144 755 150 772 ἲ
174 691 192 750 5
208 690 347 763 Athenis,
359 691 412 770 qui
425 713 456 752 se
470 694 636 771 sapientem
651 695 851 772 profiteretur,
863 713 992 772 eumque
1005 693 1105 753 dicere

71 765 87 778 ”
133 775 155 786 “’
207 771 317 843 omnia,
329 791 407 849 quae
421 771 595 844 faceremus
604 773 644 832 ad
655 772 843 853 voluptatem
855 793 916 833 esse
930 773 1104 846 referenda3

133 849 139 896 ἱ
207 846 287 928 quod
303 871 341 910 ex
354 873 390 925 eo
405 852 560 912 audientes
572 851 624 912 Μ’.
635 852 762 912 Curium
776 861 806 912 et
820 852 866 912 Ti.
878 852 1103 914 Coruncanium

206 941 312 1009 optare
332 931 436 992 solitos
457 941 492 992 nt
513 931 544 994 id
566 931 754 993 Samnitibus
770 933 887 1011 ipsique
904 932 1023 1012 Pyrrho
1040 953 1104 1010 per·

206 1011 393 1082 suaderetur,
406 1033 465 1091 quo
480 1011 599 1072 facilius
612 1013 693 1073 vinci
711 1024 838 1092 possent,
850 1033 943 1092 quum
958 1034 988 1072 se
1000 1012 1104 1090 volup-

154 1091 192 1151 10
209 1091 321 1150 tatibus
336 1092 495 1152 dedissent.
538 1092 669 1153 Vixerat
679 1092 732 1152 Μ’.
745 1093 855 1152 Curius
868 1114 934 1152 oum
948 1093 982 1152 P.
999 1093 1104 1164 Decio,

205 1171 258 1248 qui
273 1171 479 1249 quinquennio
491 1181 639 1232 antaeum
653 1172 804 1232 consulem
820 1194 851 1233 se
865 1193 919 1250 pro
934 1193 965 1232 re
979 1172 1105 1250 publica

206 1263 315 1328 quarto
325 1251 483 1311 consulatu
492 1253 665 1314 devoverat.
689 1253 788 1312 Norat
796 1253 925 1312 eundem
936 1251 1104 1324 Fabricius,

205 1341 294 1390 norat
315 1331 540 1403 Coruncanius;
562 1333 616 1410 qui
637 1353 731 1411 quum
752 1354 791 1392 ex
812 1334 958 1404 suavita,
977 1343 1042 1392 tum
1064 1353 1104 1392 ex
1189 1324 1198 1344 ³

205 1411 269 1489 ejus
284 1431 372 1488 quem
390 1413 459 1472 dico
478 1412 565 1472 Decii
587 1413 669 1473 facto
685 1412 876 1492 judicabant,
892 1415 953 1472 esse
967 1412 1102 1490 prolecto

103 1536 133 1585 ts
154 1490 191 1549 15
206 1486 449 1573 aliquidssiratura
464 1492 626 1570 pulchrum
641 1502 732 1571 atque
744 1488 945 1570 praeclarum,
955 1493 1035 1570 quod
1050 1513 1106 1552 sua

205 1581 311 1649 sponte
326 1582 486 1650 peteretur,
498 1573 638 1651 quodque
652 1582 752 1651 spreta
767 1582 797 1632 et
811 1583 985 1651 contempta
999 1572 1104 1650 volup-

206 1659 270 1711 tate
293 1653 425 1729 optimus
450 1653 576 1730 quisque
603 1664 786 1731 sequeretur.
829 1653 981 1728 Quorsum
1009 1653 1104 1730 igitur

13 1755 122 1804 s
205 1739 268 1791 tam
284 1732 381 1791 multa
395 1732 433 1792 de
443 1732 622 1811 voluptate?
651 1733 734 1808 Quia
748 1754 808 1792 non
820 1734 910 1792 modo
921 1734 1105 1810 vituperatio

204 1811 302 1883 nulla,
316 1811 368 1870 sed
385 1812 477 1872 etiam
495 1833 614 1873 summa
634 1812 702 1872 laus
723 1815 885 1874 senectutis
902 1823 954 1887 est,
970 1812 1050 1891 quod
1068 1833 1104 1872 ea

153 1893 191 1954 20
205 1893 377 1970 voluptates
411 1893 512 1953 nullas
544 1887 654 1972 magno
682 1914 770 1973 opere
798 1894 956 1952 desiderat.
1012 1892 1104 1954 Caret

148 2010 184 2060 a„
205 1973 303 2060 epulis
324 1975 545 2051 exstructisque
566 1975 675 2033 mensis
696 1985 727 2035 et
748 1973 954 2052 frequentibus
969 1975 1102 2052 poculis:
1207 2041 1209 2046 ,

39 2095 41 2100 -
70 2085 109 2130 ,εχ
122 2061 171 2115 ie'
206 2049 288 2126 caret
305 2075 375 2132 ergo
394 2055 485 2114 etiarn
501 2055 668 2114 vinulentia
683 2064 713 2114 et
728 2055 879 2114 cruditate
894 2062 923 2113 et
938 2055 1102 2114 insomniis.

116 2171 118 2178 ,
204 2132 264 2194 Sed
285 2134 310 2192 si
333 2134 450 2212 aliquid
474 2135 608 2193 dandum
633 2144 677 2194 est
697 2134 856 2213 voluptati,
875 2135 1018 2212 qnoniam
1040 2136 1104 2213 ejus
1169 2145 1171 2150 ’

204 2213 364 2272 blanditiis
379 2234 439 2272 non
454 2214 545 2273 facile
561 2214 894 2274 obsistimus-divine
911 2215 991 2274 enim
1011 2213 1102 2274 Plato
1222 2218 1230 2227 '
1247 2217 1248 2224 ’

151 2294 189 2354 25
204 2313 303 2353 escam
314 2293 463 2352 malorum
475 2293 611 2372 appellat
621 2295 818 2372 voluptatem,
826 2294 906 2372 quod
917 2315 952 2354 ea
961 2294 1104 2354 videlicet

204 2373 340 2433 homines
355 2374 516 2451 capiantur
527 2384 561 2434 ut
573 2375 676 2452 pisces,
685 2393 913 2452 -qiiamqnam
927 2375 1103 2434 immodera-

203 2454 242 2512 tis
267 2452 363 2531 epulis
388 2462 471 2516 caret
498 2464 643 2524 senectus,
671 2455 795 2513 modicis
824 2464 926 2514 tamen
955 2454 1103 2514 conviviis

204 2533 349 2593 delectari
377 2542 484 2612 potest.
536 2533 569 2594 O.
592 2533 760 2606 Duellium,
789 2533 888 2592 Marci
916 2533 1023 2605 lilium,
1051 2536 1103 2612 qui

203 2613 319 2672 Poenos
342 2612 436 2673 classe
463 2613 579 2692 primus
606 2613 768 2685 devicerat,
789 2613 963 2672 redeuntem
988 2632 1007 2672 a
1030 2635 1104 2674 cena

150 2695 189 2755 30
202 2713 302 2752 senem
336 2714 424 2771 saepe
455 2693 595 2754 videbam
627 2713 719 2772 puer;
755 2692 964 2752 delectabatur
999 2693 1103 2754 crebro

96 2827 100 2834 .
130 2813 136 2823 ·
203 2773 299 2832 l'nnali
321 2774 595 2850 ettibicine,qnae
616 2773 674 2831 sibi
695 2772 781 2831 nullo
802 2771 943 2851 exemplo
966 2774 1103 2850 privatus
1194 2801 1197 2807 ·

105 2879 113 2911 r
128 2869 176 2918 we
188 2891 190 2898 ι
202 2862 388 2931 sumpserat:
410 2850 530 2912 tanttlni
547 2852 687 2912 licentiae
698 2852 792 2911 dabat
807 2851 913 2928 gloria.
955 2851 1013 2911 Sed
1029 2854 1102 2931 quid

110 2996 114 3007 ,
171 2947 258 3010 'ego
282 2933 378 2992 alios?
418 2931 470 2991 Ad
494 2951 542 2990 me
566 2932 664 3010 ipsum
686 2933 751 3008 jam
777 2942 921 2991 revertar.
964 2931 1102 2992 Primum

71 3070 74 3080 ,
92 3043 130 3066 1:-
202 3012 296 3072 habui
306 3031 423 3090 semper
431 3011 557 3070 sodales,
586 3011 768 3070 Sodalitates
778 3020 878 3070 autem
891 3031 937 3068 me
946 3023 1103 3089 quaestore

150 3093 188 3152 35
203 3092 386 3151 constitutae
397 3100 476 3162 sunt,
486 3091 578 3150 sacris
590 3090 690 3150 Idaeis
702 3091 833 3168 Magnae
844 3091 952 3150 Matris
962 3093 1102 3168 acceptis.

203 3170 364 3249 Epulabar
384 3171 479 3248 igitur
500 3191 569 3230 cum
590 3170 744 3230 sodalibus
759 3171 883 3230 omnino
905 3169 1032 3248 modice,
1050 3171 1101 3229 sed

202 3259 268 3310 erat
288 3250 411 3328 qnidam
434 3250 535 3314 fervor
556 3252 673 3322 aetatis,
688 3271 748 3328 qua
769 3249 991 3328 progrediente
1000 3251 1103 3309 omnia

203 3329 281 3390 fiunt
303 3331 334 3388 in
358 3330 422 3389 dies
445 3331 575 3389 mitiora,
619 3329 724 3408 Neque
745 3330 826 3388 enim
847 3330 980 3407 ipsorum
1003 3329 1103 3388 convi-

203 3411 323 3472 viorum
351 3409 582 3470 delectationem
607 3409 820 3490 voluptatibus
845 3409 979 3488 corporis
1007 3412 1103 3490 magis
