2524 3712
152 141 196 204 44
396 159 433 205 Μ.
464 159 633 204 runnu
662 159 914 206 nicanorus

245 315 403 376 Fannius.
419 315 524 376 Facile
533 315 566 374 id
578 316 699 394 quidem
710 315 769 376 fuit
778 316 930 396 justitiam
936 317 1111 397 justissimo

204 395 271 458 viro
286 395 452 456 defendere.

245 475 429 536 SOAEVOLA.
452 475 536 551 Quid
550 476 739 535 amicitiam?
768 477 891 537 Nonne
901 477 992 538 facile
1003 479 1040 552 ei,
1050 480 1108 558 qui

206 555 245 616 ob
264 575 328 614 eam
349 575 467 614 summa
480 556 549 628 fide,
564 557 734 616 constantia
750 557 931 636 justitiaque
951 568 1108 620 servatam

172 634 190 692 5
205 635 371 694 maximam
386 635 514 713 gloriam
530 635 663 713 ceperit?

246 713 339 776 VIl'I.
361 715 517 774 Lauerna.
540 713 613 775 Vim
628 715 688 794 hoe
696 716 818 794 quidem
833 725 877 778 est
891 719 997 778 afferre
1006 740 1013 791 ;
1029 717 1107 796 qnid

205 797 285 856 enim
302 795 394 856 refert
411 816 472 874 qua
490 815 539 854 me
557 795 674 855 ratione
694 797 847 874 cogatis‘l‘
873 797 988 878 Cogitis
1003 807 1107 870 certe;

205 877 312 937 studiis
326 877 406 936 enim
417 896 604 955 generorum,
619 877 796 954 praesertim
810 878 843 936 in
857 899 889 937 re
902 878 992 950 bona,
1008 878 1106 956 quum

205 957 329 1016 difficile
343 965 388 1016 θεῖ
400 965 466 1016 turn
481 977 519 1016 ne
533 977 662 1034 aequum
675 954 797 1035 quidem
808 957 958 1018 obsistere.
985 957 1107 1036 Saepis-

153 1035 191 1097 10
205 1039 280 1098 sime
299 1038 392 1116 igitur
410 1037 486 1096 mihi
504 1038 543 1096 de
558 1037 694 1104 amicitia
715 1037 861 1116 cogitanti
876 1038 1010 1097 maxime
1024 1037 1107 1098 illud

206 1117 456 1178 considerandum
466 1117 564 1179 videri
575 1117 658 1190 solet,
668 1126 771 1176 utrum
780 1117 903 1198 propter
913 1118 1107 1178 imbecillita-

206 1207 267 1259 tem
286 1208 376 1277 atque
393 1197 528 1277 inopiam
548 1197 719 1258 desiderata
731 1198 771 1258 sit
785 1198 929 1271 amicitia,
943 1207 979 1258 ut
993 1197 1105 1260 dandis

205 1279 444 1357 recipiendisque
467 1278 592 1351 meritis,
616 1279 697 1356 quod
722 1279 847 1357 quisque
870 1279 971 1338 minus
994 1298 1049 1356 per
1072 1299 1106 1338 se

206 1359 269 1437 ipse
282 1367 390 1438 posset,
403 1358 435 1416 id
450 1358 599 1436 acciperet
613 1357 653 1418 ab
667 1358 728 1419 alio
740 1359 932 1437 vicissimque
945 1358 1084 1418 redderet
1093 1300 1175 1445 quil

152 1436 191 1498 15
205 1459 246 1498 an
259 1447 335 1498 esset
345 1438 402 1498 hoc
412 1438 535 1516 quidem
546 1437 703 1516 proprium
714 1439 876 1511 amicitiae,
887 1439 937 1498 sed
950 1460 967 1498 a
991 1439 1014 1498 ti
1036 1438 1118 1500 uior‘t

206 1528 236 1578 et
259 1518 416 1598 pulchrior
440 1527 469 1578 et
494 1518 589 1596 magis
613 1538 633 1578 a
657 1527 769 1578 natura
793 1519 859 1596 ipsa
881 1459 1105 1597 profeffiah'a

206 1619 305 1659 causa.
346 1597 444 1658 Amor
465 1599 554 1671 eninr,
572 1619 610 1658 ex
632 1619 691 1676 quo
713 1598 849 1658 amicitia
870 1598 1027 1658 nominata
1048 1607 1103 1669 est,

205 1680 345 1758 princeps
359 1689 403 1738 θεῖ
417 1678 456 1738 ad
471 1677 711 1738 benevolentiam
727 1678 977 1757 conjungendam.
1020 1677 1103 1738 Nam

205 1758 353 1818 utilitates
366 1759 488 1838 quidem
503 1759 594 1818 etiarn
609 1758 648 1817 ab
663 1759 700 1818 iis
714 1758 924 1837 percipiuntur
937 1778 1035 1836 saepe,
1049 1758 1103 1836 qui

152 1839 192 1901 20
205 1838 398 1898 simulatione
420 1839 573 1898 amicitiae
595 1838 738 1898 coluntur
758 1848 789 1898 et
809 1837 1009 1898 observantur
1028 1847 1103 1898 tem-

149 1991 150 1995 *
205 1919 287 1998 poris
301 1939 409 1991 causa;
429 1920 461 1977 in
476 1919 611 1978 amicitia
627 1927 729 1978 autem
743 1918 822 1977 nihil
836 1918 941 1978 fictum
956 1927 1008 1990 θεῖ,
1023 1917 1102 1978 nihil

206 1998 391 2070 simulatum,
407 2009 446 2071 et,
463 1999 611 2077 quidquid
635 2008 687 2071 est,
702 1998 734 2058 id
756 2007 800 2058 θεῖ
815 2019 921 2058 verum
944 2006 974 2059 et
995 1997 1102 2060 volun·

205 2079 326 2139 tarium.
370 2079 563 2157 Quapropter
586 2099 605 2138 a
626 2089 738 2138 natura
760 2079 836 2137 mihi
855 2078 978 2139 videtur
1001 2079 1102 2157 potius

206 2179 298 2236 quam
312 2159 351 2218 ab
366 2159 536 2237 indigentia
550 2169 616 2218 orta
630 2159 775 2231 amicitia,
788 2158 992 2238 applicatione
1006 2159 1101 2237 magis

139 2239 191 2307 ,25
206 2239 301 2298 animi
315 2260 382 2298 cum
402 2240 532 2317 quodam
554 2260 641 2299 sensu
663 2239 786 2298 amandi
808 2260 898 2317 quam
920 2239 1101 2317 cogitatione

207 2328 352 2397 quantum
382 2319 437 2378 illa
464 2340 510 2378 ms
539 2319 681 2379 utilitatis
708 2327 783 2379 esset
810 2319 962 2379 habitura.
1010 2318 1101 2394 Quod

124 2441 128 2448 ·
206 2399 327 2477 quidem
343 2399 433 2478 quale
446 2401 485 2459 sit
498 2400 590 2459 etiam
604 2400 637 2459 in
649 2399 752 2459 bestiis
766 2399 948 2477 quibusdam
966 2394 1100 2458 animad-

205 2479 283 2540 verti
304 2489 409 2558 potest,
425 2501 502 2557 quae
516 2501 554 2538 ex
568 2500 599 2538 se
612 2488 699 2540 natos
712 2479 757 2539 ita
775 2488 880 2538 amant
894 2478 933 2538 ad
949 2478 1100 2558 quoddam

205 2567 323 2637 tempus
338 2569 368 2620 et
382 2560 421 2619 ab
436 2561 473 2620 iis
493 2561 536 2620 ita
550 2570 700 2632 amantur,
716 2568 752 2619 ut
767 2559 857 2619 facile
874 2579 978 2618 earum
999 2579 1100 2619 sensus

151 2641 192 2702 30
205 2649 359 2718 appareat.
402 2640 492 2716 Quod
518 2641 550 2700 in
574 2640 696 2700 homine
724 2640 822 2700 multo
845 2648 890 2700 est
914 2639 1098 2702 evidentius:

204 2720 347 2798 primum,
359 2741 397 2780 ex
413 2741 448 2780 ea
463 2722 597 2793 caritate,
610 2741 687 2799 quae
701 2730 746 2781 est
758 2721 838 2781 inter
850 2729 938 2780 natos
952 2729 982 2780 et
996 2740 1100 2798 parem
1121 2770 1124 2776 .
1143 2745 1145 2752 ·

204 2809 257 2873 ῖθε,
272 2821 349 2877 quae
374 2801 477 2860 dirimi
500 2801 558 2860 nisi
582 2801 751 2861 detestabili
773 2801 883 2861 scelere
904 2821 965 2860 non
986 2809 1098 2878 potest:

205 2880 322 2952 deinde,
331 2902 425 2959 quum
439 2882 545 2942 similis
560 2903 661 2942 sensus
676 2882 793 2942 exstitit
803 2881 922 2954 amoris,
932 2882 956 2942 si
968 2881 1098 2960 aliquem

204 2961 287 3020 nacti
307 2982 418 3034 sumus,
437 2962 522 3041 cujus
545 2983 615 3022 cum
639 2962 772 3022 moribus
792 2971 822 3022 et
843 2970 953 3022 natura
975 2982 1098 3040 congru·

150 3041 190 3101 35
204 3062 299 3114 amne,
314 3043 394 3120 quod
415 3043 447 3101 in
469 3063 502 3102 eo
524 3042 610 3120 quasi
631 3043 732 3102 lumen
755 3041 878 3119 aliquod
897 3041 1057 3120 probitatis
1070 3050 1098 3100 et

203 3122 325 3181 virtutis
340 3123 507 3200 perspicere
522 3122 689 3183 videamur.
731 3121 819 3180 Nihil
834 3131 878 3181 est
891 3122 970 3182 enim
987 3123 1098 3181 virtute

204 3199 374 3273 amabilius,
389 3201 467 3259 nihil
483 3201 564 3278 quod
581 3201 678 3277 magis
698 3200 817 3261 alliciat
834 3202 873 3259 ad
892 3201 1079 3279 diligendum
1089 3221 1112 3273 ;.

140 3333 144 3340 .
204 3279 315 3357 quippe
334 3299 427 3356 quum
447 3288 570 3357 propter
586 3280 732 3339 virtutem
754 3289 784 3338 et
806 3281 985 3357 probitatem
1008 3280 1096 3340 etiam

203 3377 261 3431 eos,
284 3378 359 3437 quos
380 3379 546 3437 numquam
569 3358 710 3431 vidimus,
725 3358 858 3436 quodam
882 3359 972 3420 modo
993 3358 1096 3438 diliga-
