2524 3712
97 147 101 156 ’
153 155 195 220 36
397 175 434 222 n.
466 175 636 223 runnu
666 178 924 226 cronnonrs

204 329 308 410 paucis
333 329 438 390 diebus
462 339 678 410 postmortem
703 333 854 394 Africani.
897 333 972 414 Ejus
1001 335 1102 416 dispu·
1178 341 1181 346 '

204 411 328 470 tationis
341 413 504 471 sententias
520 414 681 473 memoriae
692 415 846 486 mandavi,
858 435 933 492 quas
949 415 1006 475 hoc
1021 417 1101 477 libro

204 491 330 567 exposui
365 490 515 551 arbitratu
544 513 624 564 meo;
660 495 747 572 quasi
774 495 853 552 enim
883 495 962 572 ipses
990 497 1100 556 induxi

205 569 368 648 loquentes,
381 591 418 630 ne
429 573 550 650 inquom
564 582 594 632 et
608 574 705 652 inquit
716 577 834 653 saepius
850 575 1099 654 interponeretur,

171 651 190 710 5
204 660 295 727 atque
306 661 340 709 nt
352 661 506 728 tamquam
523 671 541 710 a
553 653 760 730 praesentibus
772 675 873 713 eoram
885 655 990 714 haberi
1002 676 1099 716 sermo

204 730 374 800 videretur.¹
409 730 511 805 Quum
534 733 614 790 eninr
636 753 724 811 saepe
747 754 863 793 mecum
886 755 997 818 ageres,
1013 746 1047 795 ut
1061 736 1099 796 de

203 811 339 869 amicit-ia
366 812 528 890 scriberem
556 812 685 890 aliquid,
712 813 807 892 digna
836 815 911 872 milri
936 835 982 874 res
1004 836 1098 893 quum

203 890 337 948 omniurn
354 892 525 968 cognitione
540 901 604 950 tum
620 903 722 953 nostra
736 895 945 955 familiaritate
959 895 1025 955 visa
1044 905 1096 955 est.

204 968 312 1048 Itaque
333 970 390 1029 feei
412 991 471 1029 non
494 972 607 1032 invitus
628 982 662 1032 ut
683 974 850 1051 prodessem
870 975 973 1034 multis
988 985 1097 1053 rogatu

152 1051 189 1110 10
204 1061 264 1110 tue.
306 1049 363 1110 Sed
379 1051 459 1109 utin
475 1051 590 1110 (latone
604 1051 730 1132 Majore‚
746 1055 796 1132 qui
813 1065 856 1114 est
869 1056 998 1132 scriptus
1012 1055 1051 1114 ad
1067 1064 1097 1114 tc

202 1130 240 1188 de
262 1139 426 1202 senectute,
447 1130 592 1191 Catonem
619 1133 730 1192 induxi
756 1155 856 1194 senem
881 1135 1096 1212 disputantem,

202 1210 275 1288 quia
296 1210 383 1269 nulla
408 1209 569 1270 videbatur
595 1213 696 1292 aptior
720 1234 856 1292 persona,
878 1235 955 1292 quae
980 1215 1017 1274 de
1041 1214 1097 1274 illa

201 1299 299 1350 aetate
321 1290 504 1368 loqueretur,
520 1312 609 1372 quam
627 1295 690 1372 ejus
706 1295 758 1372 qui
772 1303 803 1353 et
816 1295 985 1354 diutissime
1005 1315 1096 1354 senex

201 1369 306 1430 fuisset
319 1379 350 1430 et
364 1371 396 1429 in
410 1371 475 1450 ipsa
489 1383 642 1432 senectute
657 1385 776 1451 praeter
796 1383 908 1434 ceteros
929 1373 1095 1445 floruisset3

149 1451 187 1510 15
200 1450 251 1522 sic,
267 1471 361 1530 quum
378 1452 594 1530 accepissemus
610 1473 628 1513 a
643 1454 780 1532 patribus
800 1455 933 1513 maxime
953 1473 1096 1513 memora-

201 1529 293 1590 bilem
309 1531 342 1591 O.
359 1531 459 1592 Laelii
474 1542 503 1592 et
518 1532 551 1596 P.
568 1533 717 1612 Scipionis
738 1533 977 1592 familiaritatem
996 1533 1095 1606 fuisse,

200 1611 307 1672 idonea
323 1613 397 1671 mihi
413 1613 512 1674 Laelii
527 1634 654 1692 persona
671 1614 735 1673 visa
749 1623 802 1685 est,
817 1633 894 1691 quae
909 1613 1097 1674 deamicitia

199 1712 235 1751 ea
254 1693 319 1771 ipsa
337 1693 503 1764 dissereret,
521 1713 598 1771 quae
620 1693 775 1772 disputata
796 1693 835 1752 ab
857 1713 891 1752 eo
912 1693 1096 1753 meminisset

199 1772 353 1833 Scaevola.
395 1773 497 1833 Genus
519 1784 621 1832 autem
644 1773 700 1832 hoc
722 1793 892 1832 sermonum
912 1773 1042 1850 positum
1062 1773 1095 1834 in

76 1920 83 1934 ι
146 1853 356 1914 20hominum
381 1863 516 1913 veterum
544 1855 725 1912 auctoritate
749 1861 778 1912 et
802 1873 904 1912 eorum
930 1852 1095 1910 illustrium

221 1933 267 1992 lus
295 1934 394 1993 nescio
422 1953 482 2011 quo
513 1943 602 2011 pacto
632 1933 754 1992 videtur
784 1931 896 1992 habere
926 1932 1094 2010 gravitatis,

160 2025 165 2054 θ
197 1953 307 2090 ltaque
335 2013 398 2092 ipse
427 2033 494 2094 mea
522 2013 623 2089 legens
651 2013 694 2071 sic
723 2013 837 2071 afficior
868 2011 1031 2083 interdum,
1061 2021 1096 2072 ut

197 2092 353 2164 Catonem,
374 2113 434 2152 non
456 2113 504 2152 me
526 2093 609 2170 loqui
633 2092 811 2152 existimem.
853 2090 909 2152 Sed
927 2101 961 2150 nt
975 2099 1038 2150 tum
1055 2091 1106 2150 ad·

144 2245 146 2250 ‚
196 2192 295 2232 senem
313 2193 405 2232 senex
423 2173 460 2232 de
477 2181 639 2244 senectute,
656 2172 701 2230 sic
722 2172 779 2231 hoc
800 2170 879 2230 libro
900 2171 939 2229 'ud
961 2171 1093 2231 amioum

144 2251 182 2312 25
197 2253 395 2312 amicissimus
410 2253 515 2331 scripsi
531 2253 568 2311 de
583 2247 728 2311 amicitia.
770 2249 848 2310 Tum
864 2260 908 2310 est
923 2249 999 2310 Cato
1012 2250 1096 2310 locu·

196 2340 253 2404 tus,
268 2352 328 2410 quo
342 2342 407 2393 erat
421 2353 509 2392 nemo
524 2333 587 2391 fere
601 2333 700 2391 senior
716 2329 901 2408 temporibus
921 2330 991 2400 illis,
1007 2335 1094 2390 nemo

197 2412 390 2489 prudentior:
412 2433 494 2472 nunc
516 2412 639 2472 Laelius
661 2422 691 2472 et
712 2409 930 2489 sapiens—sic
951 2410 1031 2472 enim
1051 2418 1095 2468 est

194 2491 405 2552 habitus-et
430 2492 581 2552 amicitiae
606 2492 705 2570 gloria
728 2490 879 2552 excellens
900 2489 937 2548 de
958 2488 1095 2549 amicitia

197 2571 344 2650 loquetur.
374 2572 420 2631 Tu
432 2572 523 2632 velim
538 2593 557 2631 a
571 2593 619 2631 me
634 2573 770 2648 animum
787 2589 950 2648 parumper
965 2578 1094 2640 avertas,

142 2651 181 2712 30
195 2650 335 2711 Laelium
348 2652 429 2730 loqui
444 2653 539 2730 ipsum
553 2661 648 2730 putes.
677 2651 710 2710 O.
725 2650 862 2710 Fannius
877 2660 907 2708 et
919 2649 957 2724 Q.
970 2649 1092 2707 Mucius

195 2731 233 2792 ad
260 2752 393 2791 socerum
417 2733 545 2792 veniunt
565 2741 632 2809 post
654 2740 780 2790 mortem
803 2729 962 2788 Africani:
986 2727 1024 2786 ab
1046 2725 1093 2788 his

194 2831 291 2871 sermo
305 2813 409 2883 oritur,
425 2812 584 2890 respondet
600 2811 733 2882 Laelius,
748 2809 833 2888 cujus
850 2819 913 2868 tota
928 2807 1094 2885 disputatio

132 2939 135 2945 .
194 2901 239 2950 est
253 2891 290 2950 de
305 2891 448 2963 amicitia,
464 2912 554 2968 quam
572 2891 672 2969 legens
688 2899 717 2949 te
732 2890 829 2967 ipsum
847 2908 1014 2966 cognosces

234 2969 277 3030 ΙΙ.
300 2969 458 3031 Fannrus.
499 2969 577 3030 Sunt
592 2972 658 3043 ista,
675 2969 771 3030 Laeli.
814 2968 879 3029 Nec
893 2969 973 3027 enim
988 2965 1095 3026 melior

141 3051 179 3110 35
196 3050 241 3110 vir
256 3051 316 3109 fuit
332 3051 479 3110 Africano
495 3051 659 3128 quisquam
680 3070 735 3108 neo
756 3048 875 3107 clarior.
918 3047 976 3106 Sed
992 3047 1095 3107 existi·

194 3149 277 3188 mare
292 3130 380 3190 debes
395 3130 529 3189 omnium
542 3131 645 3190 oculos
660 3130 690 3187 in
708 3139 736 3187 te
748 3148 810 3187 esse
822 3127 971 3206 conjectos
983 3146 1093 3196 unum:

193 3217 224 3266 te
237 3209 403 3286 sapientem
420 3219 450 3266 et
465 3208 623 3286 appellant
634 3219 663 3267 et
674 3208 859 3280 existimant.
889 3205 1095 3265 Tribuebatur

193 3286 250 3346 hoc
266 3287 355 3346 modo
369 3287 413 3346 M.
430 3286 549 3358 Catoni,
564 3288 674 3345 scimus
689 3286 724 3344 L.
741 3286 879 3344 Acilium
895 3285 977 3362 apud
993 3295 1094 3361 patres

192 3374 309 3428 nostros
331 3365 519 3448 appellatum
542 3385 603 3428 esse
623 3365 801 3445 sapientem,
815 3365 866 3424 sed
886 3375 1015 3442 uterque
1032 3365 1093 3424 alio
