2524 3712
166 217 210 286 46
408 232 446 281 n.
477 231 643 279 runnu
672 228 931 280 cronacum

168 429 172 440 ·
220 391 263 451 sic
287 389 453 450 amicitiam
476 409 537 449 non
559 409 611 467 spe
633 388 779 449 mercedis
804 387 939 459 adducti,
962 387 1013 447 sed
1039 387 1125 466 quod

220 471 318 531 omnis
338 471 401 549 ejus
420 469 537 528 fructus
558 469 590 527 in
612 469 677 547 ipso
697 487 800 527 amore
818 468 903 538 inest,
919 469 1122 544 expetendam

221 563 372 629 putamus.
416 548 467 608 Ab
484 549 539 620 his,
555 549 607 626 qui
623 548 771 626 pecudum
789 547 852 606 ritu
871 547 910 606 ad
930 547 1123 625 voluptatem

221 631 323 690 omnia
338 629 482 701 referunt,
497 628 588 706 louge
603 628 800 687 dissentiunt:
823 647 878 686 nec
893 627 1021 698 mirum;
1043 628 1122 686 nihil

189 711 301 770 5enim
316 709 424 778 altum,
441 703 522 767 nihil
542 707 737 786 magnificum
756 727 792 766 ac
812 706 952 767 divinum
972 709 1124 785 suspicere

220 799 354 869 possunt,
376 789 428 867 qui
453 809 523 848 suas
546 808 648 848 ornnes
671 787 868 864 cogitationes
892 785 1068 864 abjecerunt
1090 788 1123 846 in

221 891 283 930 rem
299 883 361 931 tarn
377 869 523 929 humilem
537 879 660 946 tamque
671 872 894 944 contemptam}
915 865 1123 942 Quamobrem

220 951 274 1011 hos
288 951 410 1030 quidem
426 948 465 1009 ab
480 949 538 1009 hoc
553 966 688 1008 sermone
703 965 926 1016 removeamus3
948 946 1002 1024 ipsi
1019 955 1123 1006 autem

221 1031 426 1109 intelligamus
438 1039 549 1089 natura
565 1027 650 1106 gigni
665 1046 784 1087 sensum
796 1025 944 1103 diligendi
955 1034 985 1085 et
995 1025 1124 1087 benevo-

168 1109 207 1171 10
221 1111 332 1170 lentiae
341 1112 508 1183 caritatem,
517 1109 600 1168 facta
609 1105 831 1186 significatione
841 1097 1015 1184 probitatis}
1031 1126 1123 1183 quam

190 1261 193 1266 ¹
221 1191 273 1268 qui
288 1190 509 1268 appetiverunt,
525 1187 682 1267 applicant
705 1207 735 1246 se
756 1194 786 1246 et
807 1185 930 1264 propius
949 1185 1122 1259 admovent,

221 1280 301 1330 utet
318 1290 372 1329 usu
390 1271 463 1348 ejusr,
478 1290 567 1348 quem
591 1269 719 1346 diligere
741 1275 913 1345 coeperunt,
930 1267 1072 1326 fruantur
1092 1275 1124 1326 et

221 1350 371 1422 moribus;
396 1359 526 1428 suntque
547 1369 634 1428 pares
657 1350 689 1408 in
711 1367 813 1407 amore
834 1355 865 1406 et
886 1346 1035 1425 aequales,
1056 1366 1123 1425 pro·

220 1431 428 1508 pensioresque
449 1429 488 1488 ad
511 1429 587 1489 bene
608 1428 786 1488 merendum
801 1447 893 1506 quam
912 1427 951 1487 ad
967 1447 1121 1506 reposcen-

167 1511 206 1572 15
220 1510 309 1582 dum;
331 1520 423 1588 atque
436 1510 510 1568 haec
525 1509 604 1568 inter
619 1529 668 1568 eos
683 1518 727 1568 est
748 1509 872 1568 honesta
891 1508 1026 1568 certatio.
1070 1507 1123 1568 sic

219 1604 250 1650 et
271 1590 417 1650 utilitates
438 1609 477 1648 ex
498 1589 635 1648 amicitia
657 1589 810 1648 maximae
831 1589 999 1667 capientur,
1015 1598 1044 1649 et
1064 1589 1122 1648 erit

219 1672 282 1749 ejus
303 1679 386 1730 ortus
408 1690 427 1729 a
455 1679 567 1728 natura
588 1689 680 1747 quam
698 1667 737 1728 ab
759 1669 970 1729 imbecillitate
998 1670 1123 1747 gravior

219 1760 249 1811 et
273 1750 387 1810 verior:
418 1771 489 1808 nam
513 1750 539 1808 si
564 1748 681 1808 utilitas
705 1749 855 1808 amicitias
885 1748 1119 1827 conglutinaret,

219 1831 324 1890 eadem
335 1840 522 1888 commutata
533 1827 709 1888 dissolveret
720 1850 727 1900 ;
742 1828 794 1888 sed
804 1829 876 1906 quia
885 1839 996 1888 natura
1007 1830 1121 1889 mutari

167 1913 205 1974 20
220 1931 279 1970 non
294 1919 400 1988 potest,
416 1910 529 1969 idcirco
544 1929 634 1969 verae
649 1908 802 1968 amicitiae
819 1909 1021 1988 sempiternae
1040 1918 1119 1970 sunt.

219 1990 329 2050 Ortum
350 1990 474 2067 quidem
494 1989 647 2048 amicitiae
666 1988 787 2061 videtis,
809 1989 867 2048 nisi
890 1989 964 2068 quid
985 1989 1025 2048 ad
1046 1990 1121 2050 haec

219 2071 296 2130 forte
311 2069 412 2129 vultis

260 2149 419 2209 Famulus
442 2148 487 2208 Tu
503 2169 575 2209 vcro
590 2169 690 2228 perge,
700 2148 805 2221 Laeli;
821 2170 876 2228 pro
892 2150 949 2209 hoc
965 2151 1055 2224 enim,
1068 2151 1121 2230 qui

220 2231 319 2290 minor
333 2237 377 2289 eat
391 2242 475 2301 natu,
491 2249 557 2288 meo
566 2229 637 2308 jure
652 2229 825 2308 respondeo.

168 2314 206 2373 25
260 2311 444 2371 Scnnvonn.
468 2309 562 2370 Recte
583 2319 617 2371 tu
639 2309 779 2388 quidem:
802 2309 998 2388 quamobrem
1018 2310 1122 2372 audia-

212 2412 295 2452 mus.

138 2493 146 2513 1
203 2461 302 2555 VX.
326 2470 480 2529 Lnnmus.
504 2469 620 2528 Audite
644 2489 725 2542 vero,
751 2469 858 2548 optimi
882 2472 950 2543 viri,
976 2492 1021 2544 ea,
1044 2493 1122 2551 quae

209 2542 391 2630 'saepissime
405 2551 485 2608 inter
499 2569 546 2607 me
561 2558 591 2608 et
606 2549 778 2628 Scipionem
795 2550 982 2611 deamicitia
999 2553 1121 2612 dissere-

221 2631 349 2690 bantur:
372 2649 556 2708 quamquam
573 2628 625 2688 ille
644 2629 766 2708 quidem
786 2630 865 2688 nihil
886 2630 1038 2692 difficilius
1060 2653 1121 2692 esse

169 2713 207 2774 30
222 2711 341 2770 dicebat
366 2729 457 2788 quam
483 2709 649 2768 amicitiam
672 2730 765 2788 usque
788 2709 827 2769 ad
848 2720 1018 2771 extremum
1040 2714 1122 2773 vitae

221 2791 301 2850 diem
330 2809 522 2868 permanere;
547 2809 619 2848 nam
642 2789 692 2855 vel
717 2799 752 2849 ut
776 2809 837 2849 non
862 2790 940 2849 idem
965 2792 1122 2870 expediret

187 2868 194 2944 ὶ
221 2871 353 2933 incidere
367 2889 464 2946 saepe,
479 2867 586 2954 vth
607 2869 645 2928 de
665 2890 698 2928 re
719 2869 843 2947 publica
860 2891 921 2931 non
937 2871 1017 2930 idom
1032 2872 1121 2932 senti-

221 2960 322 3022 retur3
344 2948 457 3008 mutari
479 2948 571 3008 etiam
592 2969 689 3008 mores
713 2949 870 3010 hominum
888 2971 976 3029 saepe
990 2951 1122 3024 dicebat,

221 3030 297 3089 alias
332 3027 467 3089 adversis
501 3028 599 3100 rebus,
636 3029 713 3088 alias
752 3038 851 3090 aetate
885 3031 1120 3108 ingravescente.

169 3110 207 3170 35
224 3112 326 3188 Atque
360 3128 462 3168 earum
499 3127 600 3167 rerum
635 3109 810 3186 exemplum
845 3131 883 3168 ex
921 3110 1122 3170 similitudine

221 3190 360 3266 capiebat
394 3186 526 3246 ineuntis
562 3189 677 3260 aetatis
706 3189 787 3265 quod
822 3190 931 3248 summi
960 3211 1121 3267 puerorum

221 3289 337 3328 amores
359 3287 446 3344 saepe
468 3285 530 3324 una
552 3286 619 3324 cum
641 3277 800 3343 praetexta
825 3277 896 3345 toga
921 3281 1121 3346 ponerentur3

221 3349 267 3406 sin
297 3356 396 3406 autem
432 3345 471 3403 ad
507 3345 740 3403 adolescentiam
769 3347 988 3422 perduxissent,
1018 3349 1121 3410 dirimi

221 3436 323 3486 tamen
345 3424 498 3486 interdum
520 3423 710 3483 contentione
725 3423 773 3484 vel
788 3426 915 3484 uxoriae
929 3427 1120 3504 conditionis,
