2524 3712
147 183 188 247 16
389 201 426 247 n.
457 199 626 246 runnu
656 201 912 249 cronaonrs

202 355 289 416 miles
313 355 394 416 bello
420 354 535 418 Punico
559 365 614 417 aut
637 365 777 436 quaestor
804 358 909 420 eodem
936 358 1018 422 bello
1046 366 1101 421 aut

201 435 305 496 consul
335 437 367 494 in
396 436 548 515 Hispania
575 438 685 497 tilerim
714 447 768 498 aut
796 440 996 517 quadriennio
1023 448 1101 519 post,

201 536 295 594 quum
320 515 462 575 tribunus
485 516 627 576 militaris
652 517 826 597 depugnavi
851 519 932 596 apud
958 518 1102 579 Thermo·

201 594 298 675 pylas,
328 595 380 654 Μ’.
397 594 577 656 vGlabrione
605 597 744 669 consule;
772 598 824 657 sed
852 607 963 670 tamen,
984 608 1021 659 ut
1047 617 1101 661 vos

169 673 188 734 t
203 675 321 746 videtis,
335 697 393 734 uon
406 675 496 754 piane
512 696 559 735 me
573 677 740 750 enervavit,
750 697 810 737 non
821 676 933 738 afflixit
945 688 1100 750 senectus;

202 775 263 814 non
275 755 360 815 curia
371 755 449 815 vires
463 775 545 814 meas
559 755 719 828 desiderat,
731 777 791 817 non
806 766 911 829 rostra,
924 777 984 817 non
999 757 1101 831 amici,

202 855 262 895 non
284 833 416 907 clientes,
432 855 493 894 non
513 834 654 914 hospites.
696 835 761 896 Nec
776 836 856 896 enim
875 857 1020 916 umquam
1033 858 1101 898 sum

203 935 337 975 assensus
348 915 443 976 veteri
458 914 506 974 illi
521 914 705 995 laudatoque
716 915 885 995 proverbio,
897 917 977 996 quod
989 926 1100 991 monet,

203 1004 320 1055 mature
335 995 400 1054 fieri
413 1015 523 1068 senem,
534 995 559 1054 si
574 995 627 1054 diu
638 994 715 1056 velis
728 1015 820 1056 senex
834 1017 904 1057 esse.
946 996 1014 1075 Ego
1028 1017 1102 1058 vero

150 1072 189 1135 10
203 1095 251 1134 me
272 1077 371 1135 minus
392 1075 445 1134 diu
465 1095 565 1136 senem
586 1096 649 1136 esse
669 1075 803 1149 mallem,
817 1097 986 1156 quamesse
999 1097 1101 1137 senem

202 1165 273 1215 ante
287 1175 379 1233 quam
393 1176 495 1216 essem.
536 1154 646 1235 Itaque
659 1175 749 1216 nemo
762 1156 864 1218 adhue
878 1157 1039 1216 convenire
1053 1177 1102 1217 me

97 1293 98 1298 ,
120 1279 135 1313 ,
202 1235 310 1307 voluit,
320 1237 370 1295 cui
381 1235 490 1296 fuerim
501 1246 674 1315 occupatus.
703 1237 749 1296 At
760 1237 858 1295 minus
869 1236 967 1296 habeo
978 1237 1101 1309 virium,

202 1337 294 1394 quam
319 1324 453 1378 vestrum
478 1317 599 1378 utervis.
643 1315 691 1376 Ne
715 1336 768 1378 vos
793 1315 915 1393 quidem
938 1315 972 1376 Τ.
997 1316 1101 1376 Pontii

203 1395 387 1456 centurionis
400 1397 479 1458 vires
493 1395 626 1456 habetis:
649 1415 722 1454 num
744 1395 856 1456 ideirco
877 1405 922 1456 est
942 1395 996 1455 ille
1015 1416 1101 1474 prae·

150 1476 189 1538 15
202 1475 351 1535 stantior?
392 1473 563 1535 Moderatio
584 1475 672 1535 modo
687 1475 800 1536 virium
822 1475 911 1547 adsit,
925 1484 1100 1549 attentum,

203 1564 351 1634 quantum
371 1563 469 1633 potest
489 1555 623 1634 quisque,
638 1555 772 1626 nitatur;
791 1575 831 1614 ne
846 1554 899 1614 ille
913 1576 975 1614 non
989 1576 1101 1634 magno
1188 1579 1190 1582 ·

202 1634 351 1695 desiderio
372 1634 525 1694 tenebitur
544 1635 666 1696 virium.
708 1634 872 1714 Olympiae
892 1655 947 1714 per
966 1636 1100 1696 stadium

202 1715 353 1792 ingressus
366 1734 427 1774 esse
441 1713 519 1775 Milo
534 1714 655 1788 dicitur,
670 1735 765 1794 quum
785 1714 919 1776 humeris
938 1717 1101 1776 sustineret

201 1793 320 1855 bovem.
361 1793 476 1856 Utrum
496 1795 590 1873 igitur
611 1795 666 1854 has
691 1795 824 1874 corporis
845 1816 885 1854 an
906 1795 1100 1874 Pythagorae
1188 1836 1190 1840 ι
1257 1809 1258 1814 ’

149 1875 259 1938 turibi
284 1874 373 1934 malis
396 1875 476 1936 vires
503 1875 618 1954 ingenii
645 1875 734 1936 dari?
774 1872 916 1954 Denique
939 1876 996 1936 isto
1022 1875 1100 1936 bono

201 1965 298 2028 utare,
313 1955 386 2014 dum
401 1955 497 2026 adsit;
512 1976 606 2033 quum
621 1955 709 2029 absit,
724 1975 762 2014 ne
776 1956 928 2033 requiras;
952 1956 1006 2016 uisi
1022 1955 1100 2016 forte

203 2035 406 2096 adolescentes
421 2035 592 2113 pueritiam,
607 2035 734 2115 paulum
748 2044 847 2096 aetate
862 2036 1011 2115 progressi
1029 2035 1100 2096 ado-

202 2116 376 2176 lescentiam
389 2114 500 2175 debent
511 2117 669 2194 requirere.
706 2115 819 2176 Cursus
830 2126 874 2176 est
885 2137 927 2175 eu
937 2127 983 2176 tus
992 2116 1099 2176 aetatis
1120 2123 1123 2131 '

107 2215 140 2245 s·
203 2206 234 2256 et
256 2216 317 2256 una
340 2197 390 2255 via
417 2206 545 2255 naturae
574 2217 668 2274 euque
691 2195 831 2274 simplex,
852 2217 966 2275 suaque
990 2199 1099 2275 cuique

149 2277 189 2337 25
203 2277 285 2356 parti
305 2276 413 2335 aetatis
433 2277 654 2354 tempestivitas
675 2285 719 2335 est
740 2277 821 2347 data,
840 2286 875 2336 ut
892 2285 922 2336 et
938 2277 1098 2337 infirmitas

203 2377 365 2436 puerorum
386 2364 417 2415 et
437 2356 578 2416 ferocitas
594 2357 743 2436 juvenum
759 2364 789 2415 et
803 2356 937 2434 gravitas
950 2356 1016 2435 jam
1031 2377 1099 2416 eon·

203 2437 311 2496 stantis
326 2435 433 2495 aetatis
447 2445 478 2495 et
491 2437 653 2496 senectutis
671 2435 831 2495 maturitas
852 2436 992 2496 naturale
1012 2437 1098 2514 quid-

203 2516 274 2576 dam
284 2515 405 2588 habeat,
418 2517 498 2596 quod
511 2538 565 2577 suo
579 2527 713 2596 tempore
727 2515 842 2595 percipi
856 2515 972 2576 debeat.
1014 2516 1099 2575 Aud-

203 2597 247 2655 ire
267 2604 297 2656 te
317 2596 458 2670 arbitror,
476 2598 586 2676 Scipio,
607 2598 714 2674 hospes
731 2604 801 2656 tuus
821 2595 922 2658 avitus
938 2595 1099 2656 Masinissa

151 2676 190 2739 30
204 2696 281 2755 quae
308 2676 403 2736 faciat
431 2677 529 2748 hodie,
557 2677 724 2754 nonaginta
750 2685 840 2735 natus
867 2696 979 2748 annos;
1005 2696 1099 2754 quum

203 2756 354 2835 ingressus
382 2756 439 2815 iter
463 2755 590 2835 pedibus
617 2757 664 2827 sit,
688 2756 720 2814 in
748 2775 860 2833 equum
887 2755 1010 2816 omnino
1038 2775 1099 2815 non

203 2836 373 2907 ascendere,
395 2855 489 2914 quum
510 2845 611 2895 autem
633 2855 719 2913 equo,
740 2854 779 2894 ex
801 2855 878 2913 equo
898 2855 959 2895 non
981 2834 1100 2896 descen-

204 2917 291 2989 dere;
312 2915 399 2975 nullo
420 2915 520 2986 imbri,
541 2914 627 2974 nullo
654 2915 766 2993 frigore
793 2914 915 2988 adduci,
938 2923 974 2974 ut
1002 2915 1101 2993 capite

205 3006 308 3075 operto
323 2997 379 3067 sit;
400 3015 548 3056 summam
570 3015 632 3055 esse
652 2995 685 3054 in
705 3015 740 3054 eo
761 2995 893 3072 corporis
913 2994 1099 3066 siccitatum

151 3077 191 3138 35»
207 3079 308 3156 itaque
323 3076 425 3136 omnia
440 3076 563 3152 exsequi
574 3074 653 3152 regis
663 3073 762 3134 officia
776 3085 806 3133 et
820 3071 1101 3135 muneraT‘Totest

205 3157 300 3235 igitur
319 3154 496 3214 exercitatio
516 3163 547 3214 et
566 3155 768 3232 temperantia
784 3153 877 3213 etiam
895 3154 929 3213 in
946 3164 1101 3215 senectute

160 3238 183 3259 ⁴
205 3254 381 3296 conservare
395 3233 513 3310 aliquid
527 3233 649 3311 pristini
664 3231 788 3293 roboris.

165 3323 169 3330 “
244 3313 303 3373 XI.
325 3313 373 3372 Ne
394 3313 456 3372 sint
476 3313 509 3370 in
531 3321 685 3373 senectute
707 3314 795 3374 vires.
836 3311 886 3374 Ne
907 3313 1101 3393 postulantur

204 3393 326 3475 quidem
340 3392 420 3456 vires
437 3401 631 3454 asenectute.
672 3391 757 3472 Ergo
778 3400 809 3455 et
829 3392 946 3474 legibus
967 3402 998 3456 et
1017 3391 1100 3454 insti·
