2524 3712
459 228 575 276 cauo
605 228 768 276 aaron.
977 298 979 302 .
1076 211 1117 274 29

167 407 259 466 quam
288 384 469 456 adolescens,
498 405 592 463 quum
619 383 661 455 id,
690 384 770 462 quod
799 383 852 443 ille
879 391 988 463 sperat,
1014 383 1064 444 hio

168 473 344 526 consecutus
365 474 418 524 est.
461 464 519 523 Ille
541 464 609 524 vult
629 464 683 522 diu
697 465 809 535 vivere,
830 465 879 523 hic
900 464 954 523 diu
974 464 1062 524 vixit.

169 547 372 623 Quamquam,
395 545 465 603 odi
488 544 576 603 boni!
605 543 679 622 quid
707 553 751 603 est
779 544 812 601 in
839 544 969 603 hominis
998 539 1063 605 uita

168 623 242 684 diu'?
298 625 347 683 Da
375 624 455 683 enim
490 643 665 702 supremum
700 632 827 701 tempus,
856 633 1063 703 exspectemus

168 705 386 765 Tartessiorum
407 705 485 782 regis
506 713 653 774 aetatem;
674 703 733 763 fuit
754 704 894 775 eni1n‚ut
915 705 1063 783 scriptum
1097 708 1116 768 5

167 785 265 857 viden,
281 785 513 863 Arganthonius
533 783 656 861 quidam
671 783 819 854 Gadibus,
834 785 887 862 qui
909 785 1063 862 octoginta

168 875 348 944 regnaverat
369 886 472 936 annos,
488 874 609 923 eentum
631 864 742 942 viginti
757 864 896 936 vixerat;
918 864 969 923 sed
986 865 1062 924 mihi

167 965 206 1004 ne
226 946 405 1007 diuturnum
426 945 548 1022 quidem
570 943 738 1022 quidquam
753 943 884 1016 videtur,
899 944 930 1002 in
945 965 1004 1022 quo
1018 955 1063 1006 est
1091 979 1122 1004 ,-

156 1025 284 1103 aliquid
314 1035 492 1084 extremum.
536 1024 638 1100 Quum
667 1024 748 1082 enim
777 1023 808 1082 id
836 1025 969 1095 advenit,
995 1033 1060 1083 tum

166 1105 254 1177 illud,
266 1105 347 1183 quod
362 1105 526 1183 praeteriit,
539 1105 675 1172 effluxit;
691 1113 809 1162 tuntum
826 1114 969 1176 remanet,
981 1105 1061 1182 quod
1078 1111 1116 1172 10

166 1184 280 1246 virtute
295 1193 325 1244 et
338 1193 419 1244 recte
433 1185 521 1243 t'actis
536 1204 631 1243 cone:
645 1199 711 1240 inus
726 1184 773 1240 sis.
817 1183 920 1242 Horae
938 1185 1061 1262 quidem

166 1265 278 1325 cedunt
301 1274 331 1323 et
354 1265 418 1324 dies
442 1273 473 1324 et
496 1285 611 1324 menses
633 1273 663 1322 et
685 1265 767 1334 anui,
788 1284 843 1322 uec
863 1265 1062 1342 praeteritum

166 1353 285 1424 ternpus
308 1365 453 1423 umquam
469 1345 640 1415 revertitur,
656 1343 805 1422 neo-quid
826 1353 971 1421 sequatur
992 1345 1062 1403 sciri

165 1435 272 1504 potest.
315 1425 407 1500 Quod
428 1425 536 1502 cuique
557 1425 700 1502 temporis
720 1423 761 1482 ad
776 1423 942 1484 vivendum
959 1424 1059 1495 datur,

165 1525 201 1565 eo
225 1505 315 1564 debet
338 1509 403 1564 esse
424 1513 600 1574 contentus;
628 1524 725 1581 neque
748 1505 829 1562 enim
855 1503 1004 1576 histrioni,
1026 1514 1061 1564 ut
1077 1511 1114 1570 15

164 1585 295 1664 placeat,
314 1585 486 1664 peragenda
507 1583 614 1643 fabula
635 1593 687 1656 est,
709 1584 797 1642 nnt‘tn
819 1584 851 1641 iu
872 1605 1088 1662 quocumque.
1123 1601 1132 1632 r

165 1667 258 1725 fuerit
276 1673 348 1725 actu
367 1664 519 1743 probetur,
534 1685 631 1742 neque
651 1664 780 1742 sapienti
804 1685 896 1742 usque
915 1665 955 1722 ad
970 1663 1061 1724 Ptou-

166 1745 227 1804 due
241 1745 424 1806 veniendum
438 1753 490 1805 est.
533 1743 631 1805 Breve
642 1746 723 1804 enim
735 1755 853 1822 tempus
867 1745 974 1804 aetatis
988 1745 1061 1804 satis

165 1825 291 1904 longum
312 1835 356 1886 est
376 1826 417 1884 ad
437 1825 513 1884 bene
534 1825 716 1902 honesteque
730 1825 913 1897 vivendum;
934 1825 981 1884 sin
995 1845 1062 1903 pro-

165 1905 286 1965 cesserit
300 1906 428 1984 longiuS,
444 1925 504 1964 non
520 1905 616 1983 magis
630 1905 794 1964 dolendum
808 1914 861 1976 est,
877 1925 968 1984 quarn
983 1905 1061 1984 agri·
1076 1910 1115 1970 20

165 1985 250 2044 colae
277 1985 390 2058 dolent,
418 1985 583 2064 praeterita
611 1985 698 2046 verni
733 1985 876 2064 temporis
910 1985 1062 2046 suavitate

165 2075 309 2125 aestatem
323 2076 563 2144 autumnumque
577 2065 701 2125 venisse.
731 2065 796 2126 Ver
809 2064 890 2124 enim
904 2073 1061 2143 tamquam

165 2145 399 2204 adolescentiam
414 2145 566 2224 significat
579 2146 770 2224 ostenditque
788 2144 905 2204 fructus
925 2145 1060 2217 futuros;

76 2252 78 2260 ¹
165 2225 220 2284 reli
244 2245 283 2284 ua
304 2234 406 2284 autem
426 2234 564 2302 tempora
584 2225 768 2284 demetendis
786 2225 934 2284 fructibus
952 2235 982 2283 et
995 2245 1061 2302 per·

165 2305 312 2382 cipi-endis
326 2305 554 2364 accommodata
567 2314 645 2364 sunt.
688 2305 820 2364 Fructus
840 2314 940 2366 autem
962 2325 1060 2364 senec·
1075 2311 1113 2370 25

163 2387 239 2444 tutis
266 2394 319 2458 est,
349 2394 382 2445 ut
408 2405 497 2463 saepe
524 2379 603 2457 dixi‚·
629 2395 700 2456 ante
728 2394 884 2464 partorum
912 2384 1057 2443 bonorum
1098 2426 1115 2450 f

164 2466 311 2524 memoria
334 2475 365 2525 et
389 2467 485 2545 eopia.
527 2465 640 2526 Omnia
660 2473 770 2538 autem,
792 2485 870 2542 quan
893 2465 1059 2523 secundum

164 2555 306 2605 naturam
331 2545 417 2618 fiunt,
443 2554 513 2605 sunt
538 2545 680 2604 habenda
707 2546 740 2604 in
768 2545 862 2604 bonis.
905 2544 989 2619 Quid
1017 2553 1061 2603 est

164 2635 265 2684 autem
281 2640 344 2686 tam
358 2626 523 2686 secuudum
538 2637 680 2685 naturam
695 2645 787 2704 quam
807 2624 927 2684 senibus
945 2625 1060 2684 emori?

164 2707 245 2784 quod
274 2707 354 2766 idem
383 2706 532 2785 contingit
560 2706 798 2766 adolescentibus
827 2705 1006 2765 adversante
1030 2713 1060 2764 et
1075 2709 1114 2770 30

164 2798 352 2864 repugnante
372 2799 492 2846 natura.
535 2785 643 2865 Itaque
663 2785 865 2846 adolescentes
888 2786 963 2844 mihi
984 2785 1059 2843 niori
1092 2785 1101 2807 '

163 2868 206 2925 sic
228 2868 379 2939 videntur,
402 2876 437 2927 ut
461 2888 554 2946 quum
576 2887 672 2945 aquae
698 2866 895 2926 multitudine
920 2865 1060 2924 flammae

163 2949 209 3006 vis
224 2948 422 3026 qrprimitur3
437 2968 521 3007 senes
535 2959 637 3008 autem
652 2948 704 3017 sic,
720 2955 754 3006 ut
768 2967 861 3024 quum
876 2967 930 3005 sua
945 2957 1060 3024 sponte,

163 3029 250 3088 nulla
264 3028 404 3088 adbibita
418 3029 459 3098 vi,
475 3037 669 3106 consumptus
688 3027 767 3106 ignis
786 3027 1008 3105 exstinguitur:
1031 3035 1062 3086 ct

162 3110 249 3186 quasi
265 3129 355 3188 poma
370 3130 408 3168 ex
425 3107 593 3179 arboribua
609 3107 703 3167 cruda
716 3108 741 3166 si
751 3116 836 3179 sunt,
851 3107 905 3166 vix
927 3107 1060 3166 evellun·
1075 3111 1113 3170 35

164 3198 222 3260 tur,
244 3189 267 3248 si
291 3201 412 3248 matura
432 3198 462 3248 et
484 3199 578 3260 cocta,
594 3187 748 3259 decidunt,
767 3187 810 3246 sio
829 3187 923 3247 vitam
946 3186 1061 3245 adoles-

162 3267 300 3329 centibus
315 3269 360 3329 vis
375 3269 484 3340 aufert,
498 3268 620 3328 senibus
643 3267 819 3338 maturitas;
841 3287 919 3344 quae
938 3267 1060 3344 quidem

161 3349 238 3408 mibi
263 3359 324 3408 tam
349 3348 483 3424 jucunda
508 3357 559 3418 est,
582 3357 624 3416 ut,
645 3368 704 3424 quo
726 3347 850 3424 propius
872 3345 910 3402 ad
933 3354 1059 3403 mortem

161 3429 314 3501 secedam,
326 3414 413 3506 quasi
429 3437 540 3486 terram
553 3427 655 3487 videre
667 3425 772 3484 videar
788 3422 1013 3498 aliquandoque
1027 3423 1059 3479 in

161 3519 283 3588 portum
298 3529 337 3568 ex
352 3507 443 3584 longa
458 3505 653 3582 navigatione
667 3521 728 3561 esse
743 3510 898 3560 venturus
1072 3501 1112 3560 40
