2524 3712
486 237 604 285 caro
631 236 798 286 nntoa
975 301 976 306 Ἰ
1099 217 1120 286 t

162 395 268 454 mum?
288 394 454 474 praeterita
478 395 559 454 enim
583 404 665 455 aetas
690 393 829 473 quamvis
854 393 946 472 longa
970 401 1064 472 quum

163 473 337 546 effluxisset,
349 474 436 533 nulla
450 476 615 535 consolatio
627 475 813 554 permulcere
827 485 925 552 posset
939 475 1065 534 stultam

163 563 355 614 senectutem.
399 554 552 630 Quocirca
566 556 590 614 si
605 556 786 634 sapientiam
802 575 899 613 meam
915 553 1062 613 admirari

163 633 404 712 soletis-quae
429 635 548 693 utinam
573 635 667 712 digna
695 643 770 694 esset
798 633 940 712 opinione
964 646 1064 694 vestra

163 722 323 792 nostroque
335 714 513 792 cognomine
523 717 529 773 t
540 747 580 756 -
590 715 622 772 in
635 715 691 774 hoc
702 734 804 773 sumus
815 714 973 792 sapientes,
983 713 1064 790 quod
1099 715 1118 776 5

163 803 304 852 naturam
326 795 470 872 optimam
492 793 600 854 ducem
622 803 777 872 tamquam
799 793 889 853 deum
911 793 1065 870 sequimur

163 873 250 950 eique
277 894 432 951 paremus3
460 893 567 952 a-qua
595 894 655 934 non
683 875 747 935 veri
772 873 871 932 simile
895 879 938 931 est
971 893 1064 950 quum

164 963 279 1013 ceterae
294 964 392 1032 partes
408 954 515 1013 aetatis
527 954 606 1014 'bene
627 954 792 1031 discriptae
810 954 880 1024 sint,
894 964 1064 1012 extremum

163 1027 264 1092 actum
277 1043 434 1112 tamquam
448 1033 487 1093 ab
502 1035 593 1093 inerti
608 1044 698 1112 poeta
708 1053 771 1093 esse
782 1032 962 1112 neglectum.
1004 1031 1062 1092 Sed

163 1119 264 1172 tamen
286 1111 405 1173 necesse
428 1113 489 1175 fuit
513 1135 575 1174 esse
597 1113 714 1192 aliquid
736 1123 906 1173 extremum
927 1121 965 1184 et,
987 1122 1062 1171 tam-
1079 1115 1119 1202 ψ

163 1212 254 1270 quarn
275 1193 306 1252 in
328 1195 470 1254 arborum
494 1194 578 1270 baffi
595 1204 752 1271 terraeque
765 1192 924 1264 fructibus,
940 1191 1064 1251 maturi·
1077 1193 1115 1232 Μ’
1126 1193 1130 1198 ’
1156 1191 1184 1208 ”

163 1279 226 1332 tate
236 1272 417 1354 tempestiua
428 1279 514 1351 quasi
527 1275 643 1334 vietum
655 1283 686 1333 et
697 1273 846 1332 caducum
857 1293 863 1344 ;
878 1272 958 1350 quod
970 1273 1065 1331 ferun-

148 1423 151 1428 ·
164 1351 236 1411 dum
248 1361 293 1424 est
303 1352 435 1424 molliter
445 1353 586 1432 sapienti.¹
626 1353 710 1430 Quid
722 1363 766 1412 est
775 1354 854 1412 enim
867 1351 951 1411 aliud
960 1352 1064 1430 gigan*

163 1423 345 1510 tumltitdoff
353 1431 467 1492 bellare
482 1453 551 1494 cum
566 1433 622 1506 dis,
637 1433 695 1493 nisi
716 1442 843 1491 naturae
858 1433 1048 1509 repugnare?

203 1511 359 1572 Lunnlus.
381 1510 486 1590 Atqui,
499 1513 585 1585 (lato,
597 1513 802 1591 gratissimum
818 1511 913 1582 nobis,
925 1514 959 1570 ut
971 1511 1062 1570 etiam
1077 1513 1118 1575 15

163 1611 218 1671 pro
233 1591 372 1670 Scipione
387 1591 542 1670 pollicear,
559 1593 673 1665 leceris,
688 1593 722 1663 si,
738 1591 881 1669 quoniam
896 1611 1087 1668 speramus,*

163 1671 303 1732 volumus
313 1672 435 1749 quidem
449 1683 529 1732 certe
540 1693 624 1732 senes
636 1672 710 1744 fieri,
723 1671 819 1730 multo
830 1679 901 1730 ante
915 1689 934 1728 a
947 1678 977 1730 te
987 1670 1064 1729 didi-

164 1751 300 1823 cerimus,
317 1752 427 1829 quibus
449 1752 595 1812 facillime
615 1751 785 1812 rationibus
805 1751 1064 1830 ingravescentem

164 1840 295 1891 aetatem
309 1831 387 1891 ferra
402 1833 557 1910 possimus.

205 1910 303 1970 CATO.
326 1909 452 1977 Faciam
473 1933 554 1984 vero,
576 1910 674 1984 Laeli,
695 1910 872 1991 praesertim
896 1911 921 1972 si
942 1909 1064 1990 utrique
1079 1914 1119 1976 20

164 2001 307 2064 vestrum,
322 2000 356 2051 ut
371 1992 455 2063 dicis,
471 2002 592 2070 gratum
606 1992 745 2052 futurum
759 2000 811 2052 est.

204 2069 360 2135 Laruas.
383 2067 443 2132 Vol
500 2092 534 2132 us
555 2092 635 2144 sane,
651 2073 709 2131 nisi
730 2072 890 2131 molestum
911 2079 964 2144 est,
978 2067 1065 2144 Cato,

163 2157 319 2228 tamquam
347 2150 469 2230 longam
498 2150 632 2230 aliquam
660 2153 743 2212 viam
772 2151 944 2224 confeceris,
972 2171 1065 2229 quam

163 2230 250 2290 nobis
264 2251 383 2308 quoque
398 2230 632 2310 ingrediundum
648 2232 697 2304 sit,
713 2233 801 2305 istuc,
815 2251 874 2311 quo
888 2231 1062 2311 pervenisti,

164 2309 267 2371 videre
282 2311 372 2388 quale
386 2311 433 2371 sit.
765 2349 769 2356 ·
1079 2313 1118 2376 25

204 2389 265 2448 ΙΙΙ.
288 2389 385 2450 Uaro.
409 2389 545 2464 Faciam,
559 2399 595 2452 ut
608 2400 721 2471 potero,
737 2390 833 2452 Laeli.
874 2389 970 2471 Saepe
983 2393 1064 2454 enim

163 2467 289 2529 interfui
309 2470 438 2549 querelis
461 2472 635 2549 aequalium
658 2491 935 2550 meorum-pares
960 2482 1062 2534 autem

163 2559 264 2611 vetere
285 2551 445 2628 proverbio
467 2571 536 2610 cum
559 2551 683 2630 paribus
709 2551 855 2611 facillime
880 2573 1063 2632 congregan-

162 2636 268 2702 tur-,
284 2650 362 2707 quae
377 2629 410 2690 O.
426 2630 590 2703 Salinator,
605 2651 683 2709 quae
702 2631 753 2710 Sp.
769 2631 912 2704 Albinus,
925 2633 1064 2692 lromines

163 2709 343 2782 consulares,
366 2711 459 2770 nostri
481 2713 543 2769 t'erc
564 2711 712 2788 aequales,
735 2711 893 2789 deplorare
916 2711 1063 2784 solebant,
1078 2713 1118 2775 30

162 2796 228 2848 tum
251 2789 331 2867 qnod
352 2789 562 2868 voluptatibus
587 2798 732 2862 carerent,
757 2791 822 2850 sine
840 2791 950 2868 quibus
967 2792 1063 2852 vitam

162 2869 280 2927 nullam
307 2879 458 2948 putarent,
485 2879 550 2928 tum
576 2871 655 2948 quod
681 2880 894 2949 spernerentur
915 2870 955 2930 ab
978 2871 1023 2943 iis,
1045 2891 1064 2930 a
1133 2941 1134 2944 Ἴ

161 2949 272 3026 quibus
281 2959 378 3008 essent
388 2950 449 3027 coli
464 2950 554 3008 soliti.
599 2950 661 3025 Qui
675 2949 749 3008 mihi
765 2970 824 3009 non
841 2951 1064 3011 innitebantur

144 3033 312 3100 'accusare
329 3027 409 3106 quod
425 3037 501 3088 esset
515 3029 729 3089 accusandum.
751 3029 851 3090 ,Nam
871 3031 896 3088 si
920 3031 950 3090 id
971 3031 1063 3108 culpa

161 3109 323 3167 senectutis
346 3109 505 3180 accideret,
531 3109 636 3168 eadem
661 3108 736 3168 mihi
758 3129 813 3168 usu
836 3107 974 3170 venirent
995 3111 1062 3168 reli·
1078 3111 1117 3172 35

161 3189 288 3266 quisque
309 3187 448 3247 omnibus
470 3188 636 3267 majoribus
657 3199 741 3259 natu,
759 3209 888 3267 quornm
909 3210 964 3267 ego
986 3190 1062 3248 mul·

161 3275 262 3327 turum
289 3268 416 3346 cognovi
444 3277 627 3327 senectutem
655 3269 719 3326 sine
743 3269 876 3344 querela,
902 3269 954 3346 qui
978 3289 1009 3331 se
1033 3279 1063 3327 ct

161 3345 325 3406 libidinum
341 3347 473 3406 vinculis
492 3346 610 3407 laxatos
631 3367 772 3405 essenon
795 3348 917 3405 moleste
940 3347 1062 3417 ferrent,

162 3445 217 3489 nee
240 3445 258 3484 a
283 3427 344 3484 suis
369 3426 603 3504 despicerentur.
644 3426 704 3484 Sed
731 3427 867 3483 omnium
894 3423 1063 3482 istiusmodi
