2524 3712
411 253 415 259 ¹
503 185 720 235 nannrus.
1070 175 1114 238 65

159 340 201 402 ad
222 339 328 422 populi
348 339 528 403 beneficium
548 341 796 404 transferebatur.
837 341 981 423 Atquais
997 343 1058 424 pri-

160 441 228 481 mus
253 421 387 482 instituit
410 422 443 481 in
467 421 568 482 forum
592 443 696 483 versus
718 443 808 501 agere
831 442 901 483 cum
926 424 1058 504 populo;

159 508 263 561 tamen
288 500 372 562 illius
396 501 584 566 vendibilem
607 501 775 562 orationem
800 502 908 581 religio
931 503 1058 565 deorum

159 579 380 640 immortalium
407 581 495 641 nobis
524 581 756 642 defendentibus
783 581 874 644 facile
901 582 1054 646 vincebat.

159 660 264 739 Atque
284 660 317 721 id
337 669 441 722 aetum
460 670 507 721 est
526 671 665 740 praetore
686 683 744 735 me,
759 662 967 742 quinquennio
985 672 1057 724 ante
1091 665 1110 726 5

158 760 252 818 quam
266 740 371 800 consul
385 762 452 800 sum
467 740 574 802 faetus.
616 740 666 802 Ita
680 762 713 802 re
727 744 824 822 magis
835 763 928 822 quam
937 763 1057 804 summa

158 821 343 881 auctoritate
357 841 448 881 causa
461 820 517 880 illa
531 820 655 881 defensa
669 828 744 883 est-

199 899 328 962 XXVI.
349 901 443 978 Quod
461 902 489 961 si
509 901 542 960 in
562 921 681 975 scaena,
696 901 729 962 id
742 909 788 964 est
807 901 841 962 in
861 902 1009 976 contione,
1023 901 1056 962 in

157 1001 220 1059 qua
244 980 333 1044 rebus
358 981 435 1042 fietis
457 991 488 1042 et
509 981 701 1042 adumbratis
724 981 786 1043 looi
809 981 976 1062 plurimum
1000 991 1055 1056 est,

157 1070 261 1122 tamen
274 1081 381 1124 varum
396 1060 489 1134 valet,
503 1061 529 1144 si
548 1061 639 1122 modo
660 1063 692 1122 id
714 1062 900 1142 patefactum
921 1071 951 1122 et
971 1062 1054 1122 illus-
1071 1067 1109 1128 10

157 1151 274 1202 tratum
288 1151 342 1215 ast,
356 1142 430 1222 quid
451 1142 484 1201 in
503 1142 642 1202 amicitia
662 1141 727 1201 fieri
747 1150 875 1221 oportet,
892 1161 971 1220 quae
989 1150 1055 1201 tota

156 1222 289 1284 veritate
301 1222 523 1315 perpenditur?
537 1222 569 1280 in
584 1242 645 1300 qua
657 1222 726 1295 nisi,
734 1231 771 1282 nt
783 1222 906 1294 dieitur,
916 1230 1055 1300 apertum

156 1310 264 1382 pectus
282 1302 389 1365 videas
408 1311 556 1381 tuumque
575 1302 725 1374 ostendas,
746 1301 825 1360 nihil
846 1301 951 1374 fidum,
976 1299 1055 1360 nihil

156 1381 352 1462 exploratum
380 1381 510 1454 habeas;
532 1401 570 1441 ne
590 1402 693 1441 amare
714 1381 838 1460 quidem
865 1389 920 1441 aut
947 1381 1054 1453 amari,

156 1482 252 1542 quum
272 1462 306 1522 id
324 1482 418 1541 quam
439 1482 511 1523 vere
530 1460 584 1522 fiat
605 1461 733 1540 ignores.
775 1461 972 1539 Quamquam
997 1461 1055 1520 ista
1071 1465 1109 1526 15

156 1543 330 1615 assentatio,
357 1541 497 1621 quamvis
532 1542 701 1622 perniciosa
733 1541 782 1614 sit,
810 1559 920 1601 nocere
952 1548 1056 1600 tamen

156 1621 273 1682 nemini
309 1631 385 1682 otest
399 1623 457 1682 nisi
471 1622 509 1695 ei,
524 1622 578 1699 qui
591 1641 659 1680 eam
674 1621 784 1699 recipit
803 1629 895 1699 atque
908 1640 945 1680 ea
959 1619 1056 1680 delec-

155 1709 250 1764 tatur.
286 1643 342 1762 lta
363 1701 398 1762 fit
418 1711 453 1762 ut
474 1702 499 1762 is
520 1699 756 1762 assentatoribus
780 1700 946 1780 patefaciat
967 1719 1055 1760 aures

155 1801 226 1842 suas
239 1782 383 1855 maxime,
398 1783 450 1861 qui
472 1782 537 1860 ipse
555 1781 616 1841 sibi
635 1789 805 1842 assentetur
823 1788 853 1840 et
871 1799 903 1839 se
922 1780 1056 1840 maxime

155 1861 220 1940 ipse
234 1861 374 1924 delectet
415 1862 550 1922 Omnino
564 1870 609 1921 est
622 1881 729 1922 amans
743 1860 790 1920 sui
804 1859 919 1931 virtus;
939 1859 1054 1938 optime
1070 1863 1109 1925 20

154 1941 238 2002 enim
257 1962 290 2004 aa
310 1943 376 2021 ipsa
396 1942 484 2003 novit
503 1961 656 2020 quamque
675 1939 818 2001 amabilis
835 1939 876 1998 sit
890 1939 1053 2018 intelligia

154 2040 212 2100 ego
227 2031 330 2082 autem
343 2043 404 2082 non
419 2023 458 2083 de
468 2022 582 2085 virtute
595 2041 678 2081 nuno
691 2020 809 2100 loquor,
819 2019 872 2080 sed
882 2019 920 2079 de
932 2018 1055 2080 virtutis

155 2101 316 2181 opinione:
336 2103 454 2164 virtute
469 2102 551 2162 enim
569 2101 635 2180 ipsa
651 2120 712 2160 non
731 2110 795 2160 tam
814 2098 905 2159 multi
923 2098 1054 2179 praediti

155 2201 331 2260 essequam
351 2182 451 2245 videri
471 2181 589 2242 volunt.
634 2179 701 2240 Hos
725 2178 857 2240 delectat
878 2180 1054 2250 assentati03

155 2259 204 2321 his
225 2261 314 2322 fietus
337 2261 378 2322 ad
403 2263 537 2341 ipsorum
558 2260 748 2322 voluntatem
768 2278 866 2320 sermo
886 2278 981 2337 quum
1002 2258 1054 2317 ad·
1069 2263 1107 2323 25

155 2338 287 2415 hibetur,
312 2342 480 2402 orationem
508 2341 596 2401 illam
619 2360 732 2401 vanam
757 2339 964 2399 testimonium
992 2357 1054 2397 esse

155 2418 284 2481 laudum
303 2442 429 2481 suarum
449 2429 568 2500 putant.
610 2418 707 2480 Nulla
720 2427 765 2480 est
779 2418 874 2497 igitur
889 2417 965 2477 haeo
981 2418 1054 2476 ami-

155 2499 238 2574 citia,
272 2521 367 2579 quum
401 2501 481 2561 alter
510 2519 616 2562 verum
644 2500 753 2558 audire
780 2517 841 2558 non
868 2497 947 2570 vult,
975 2498 1054 2557 alter

155 2579 196 2639 ad
221 2581 430 2642 mentiendum
455 2590 580 2660 paratus
604 2587 657 2638 est
699 2578 765 2638 Neo
789 2577 992 2657 parasitorum
1020 2577 1053 2635 in

155 2659 318 2720 comoediis
351 2661 514 2721 assentatio
548 2661 648 2719 faceta
681 2657 769 2718 nobis
796 2657 960 2729 videretur,
994 2656 1053 2717 nisi
1068 2662 1108 2723 30

154 2748 253 2800 essent
273 2739 385 2802 milites
405 2738 537 2822 gloriosi.

300 2866 413 2932 Magnas
429 2883 492 2917 vero
509 2882 589 2932 agere
608 2866 710 2930 gratias
728 2865 808 2916 'lhais
826 2863 911 2914 nihii

154 2987 235 3050 Satis
263 2997 330 3049 erat
357 2987 552 3067 respondere:
589 2983 727 3064 liupana.
767 2985 915 3064 Iapaotea,
945 2983 1053 3044 inuit.

154 3067 281 3148 Semper
295 3077 387 3147 auget
401 3076 569 3128 assentator
582 3067 623 3140 id,
639 3066 719 3145 quod
735 3065 769 3139 is,
783 3066 869 3144 eujus
890 3064 930 3124 ad
945 3004 1052 3125 volun-

155 3157 251 3209 tatem
278 3147 402 3220 dieitur,
429 3147 498 3207 vult
532 3167 594 3206 esse
627 3165 781 3224 magnum.
837 3141 1054 3220 Quamobrem,
1070 3141 1108 3202 35

155 3247 342 3307 quamquam
364 3226 480 3287 blanda
500 3226 559 3286 ista
577 3226 698 3287 vanitas
719 3224 802 3304 apud
823 3244 872 3284 eos
892 3222 983 3295 valet,
1002 3221 1054 3300 qui

155 3307 214 3386 ipsi
228 3307 314 3368 illam
329 3307 476 3367 allectant
486 3315 517 3366 et
527 3306 669 3376 invitant,
682 3313 784 3364 tamen
795 3303 887 3363 etiam
898 3301 1054 3380 graviores

155 3383 638 3514 constaptitppesipiuesadmonendi
657 3392 739 3456 sunt,
753 3392 788 3442 nt
807 3380 1055 3442 animadvertant

277 3492 310 3502 ·-
339 3479 370 3513 10.
404 3479 418 3511 Θ
450 3499 456 3511 .
