2524 3712
380 175 418 223 M.
449 177 618 222 TULLII
647 177 905 223 CICERONIS

192 332 309 394 eminus
322 332 417 393 hastis
431 340 486 392 aut
499 334 666 412 comminus
680 332 790 411 gladiis
804 341 949 406 uteretur,
960 333 1012 394 sed
1023 354 1092 394 oon-

190 411 267 484 silio,
283 413 409 486 ratione,
423 413 589 475 sententia:
612 433 689 492 quae
710 413 769 472 nisi
790 422 886 472 essent
907 414 940 472 in
960 413 1090 486 senibus,

190 512 251 552 non
269 498 419 552 summum
441 493 600 553 consilium
621 494 749 571 majores
770 493 865 552 nostri
887 493 1092 572 appellassent

190 582 336 633 senatum.
378 572 474 650 Apud
495 573 751 633 Lacedaemonios
772 573 895 651 quidem
911 573 941 645 ii,
959 575 1011 652 qui
1031 594 1092 632 am-

158 652 360 732 5plissimum
388 652 600 730 magistratum
630 664 749 731 gerunt,
771 662 806 712 ut
830 662 909 725 sunt,
932 655 974 713 sic
998 654 1091 712 etiam

192 733 387 792 nominantur
401 752 493 791 senes.
537 732 627 808 Quod
643 733 668 792 si
682 732 781 810 legere
795 743 849 791 aut
863 733 970 792 audire
984 733 1091 792 voletis

119 879 125 889 ι
190 812 504 896 θΧῖετηει,,,ιηακίωεε
533 833 580 872 res
608 811 746 890 publicas
777 809 817 871 ab
850 812 1091 872 adolescentibus

58 903 63 910 '
130 904 135 938 2
190 891 399 961 labefactatas,
423 911 443 950 a
463 890 585 952 senibus
609 900 791 952 sustentatas
816 901 847 952 et
868 893 1023 952 restitutas
1048 912 1091 952 re-

190 972 322 1051 perietis.

283 1061 340 1084 w..

138 1103 176 1163 10
191 1079 280 1192 ”dudda
292 1078 465 1178 qutlvestram
478 1131 534 1166 rem
545 1115 680 1180 publicam
689 1119 790 1164 tantam
799 1114 925 1164 amisistis
938 1120 992 1164 tam
1001 1113 1073 1164 aito?

163 1271 178 1290 ·
189 1247 240 1308 Sic
254 1248 335 1307 enim
350 1258 579 1327 percontantur,
590 1257 625 1309 ut
639 1258 683 1309 est
697 1249 730 1308 in
744 1248 857 1310 Naevii
872 1257 979 1328 poetae
992 1247 1090 1310 Ludo.

190 1328 425 1408 Respondentur
439 1340 469 1389 et
483 1329 546 1388 alia
560 1338 591 1388 et
605 1329 662 1389 hoo
676 1329 709 1388 in
726 1330 847 1408 primis:

287 1475 485 1524 Proveniebant
497 1479 619 1525 oratores
631 1475 701 1535 novi,
716 1475 791 1524 stulti
804 1475 1002 1535 adolescentuli.

190 1607 357 1669 Temeritas
382 1615 426 1685 est
449 1607 594 1670 videlieet
622 1607 757 1667 florentis
785 1607 902 1680 aetatis,
927 1606 1091 1686 prudentia

139 1690 177 1750 15
190 1690 379 1749 senescentis.
1092 1731 1093 1738 ,

232 1768 308 1829 VII.
343 1769 389 1828 At
416 1769 562 1828 memoria
589 1767 747 1827 minuitur.
803 1765 911 1838 Credo,
940 1766 998 1825 nisi
1026 1786 1092 1826 eam

191 1869 330 1908 exerceas
353 1849 521 1908 autetiam
546 1849 571 1908 si
596 1848 635 1908 sis
660 1858 772 1906 natura
794 1846 918 1906 tardior.
960 1845 1093 1905 Themis·

191 1928 284 1989 toules
313 1928 449 1988 omnium
475 1928 588 1988 civium
618 1935 793 2004 perceperat
820 1926 952 1984 nomina.
1008 1925 1091 1984 Num

192 2009 286 2088 igitur
311 2009 437 2086 censetis
463 2028 541 2080 eum,
567 2027 661 2086 quum
690 2015 790 2065 aetate
818 2005 1015 2084 processisset,
1041 2004 1093 2088 qui

139 2089 179 2150 20
192 2087 343 2148 Aristides
357 2097 441 2159 esset,
454 2087 673 2166 Lysimachum
683 2085 816 2146 salutare
829 2085 974 2146 solitum?
1001 2084 1094 2162 Equi-

193 2170 262 2229 dem
283 2189 345 2228 non
366 2168 454 2227 modo
477 2188 525 2227 eos
546 2167 626 2239 novi,
643 2166 694 2245 qui
715 2174 794 2238 sunt,
810 2165 862 2224 sed
876 2185 978 2224 eorum
994 2174 1094 2242 patres

193 2249 285 2309 etiam
300 2257 330 2308 et
344 2268 434 2319 avos;
450 2267 505 2306 nee
516 2246 655 2324 sepulcra
667 2246 769 2324 legens
783 2265 898 2316 vereor,
908 2245 987 2322 quod
998 2244 1094 2316 aiunt,

192 2349 231 2388 ne
253 2328 430 2388 memoriam
453 2327 595 2406 perdam;
625 2326 673 2385 his
698 2326 778 2385 euim
805 2325 877 2404 ipsis
903 2324 1039 2402 legendis
1063 2325 1095 2382 in

193 2408 370 2468 memoriam
391 2407 480 2467 redeo
502 2415 698 2466 mortuorum.
730 2405 808 2464 Neo
822 2425 894 2465 vero
912 2425 1094 2482 quemquam

140 2489 179 2550 25
193 2509 293 2548 senem
308 2487 414 2549 audivi
429 2483 644 2567 oblitum,(quo
663 2486 728 2546 loco
747 2485 922 2545 thesaurum
938 2457 1120 2555 obruisset.)v

193 2569 307 2628 Omnia
325 2589 403 2646 quae
425 2576 534 2627 curant
556 2567 768 2638 meminerunt,
792 2563 967 2624 vadimonia
989 2559 1096 2624 eonsti-

193 2658 269 2720 tuta,
283 2648 337 2726 qui
358 2648 425 2720 sibi,
441 2648 491 2707 cui
513 2648 570 2726 ipsi
591 2647 729 2707 debeant.
775 2644 859 2720 Quid
876 2643 1095 2722 jurisconsulti,

194 2729 267 2808 quid
283 2728 447 2806 pontifices,
463 2727 537 2807 quid
552 2747 690 2805 augures,
706 2725 778 2805 quid
800 2723 974 2802 philosophi
991 2725 1096 2782 senes?

194 2830 285 2888 quam
301 2809 400 2868 multa
415 2809 633 2868 meminerunt!
677 2807 805 2865 Manent
828 2803 950 2882 ingenia
965 2803 1093 2874 senibus.

141 2889 180 2950 30
196 2890 284 2948 modo
299 2897 474 2966 permaneat
485 2888 618 2947 studium
631 2895 661 2946 et
672 2884 831 2954 industria,
845 2904 942 2960 neque
953 2903 988 2942 ca
999 2883 1093 2941 solun,

194 2969 226 3027 iu
242 2969 331 3028 claris
346 2978 376 3028 et
391 2969 545 3028 honoratis
560 2967 643 3038 viris,
659 2965 711 3025 sed
730 2965 762 3022 in
776 2965 842 3024 vita
863 2965 953 3022 etiarn
975 2964 1096 3042 privata

194 3058 225 3108 et
236 3049 346 3126 quieta.
389 3047 552 3126 Sophocles
566 3046 606 3105 ad
620 3065 770 3104 summam
784 3053 968 3104 senectutem
981 3054 1096 3121 tragoe-

195 3128 261 3188 dias
276 3129 364 3200 fecit;
379 3128 460 3206 quod
474 3135 596 3206 propter
610 3126 746 3185 studium
758 3145 851 3203 quum
868 3145 931 3184 rem
944 3123 1097 3202 negligere

195 3208 377 3268 familiarem
394 3207 556 3278 videretur,
573 3226 592 3266 a
606 3205 676 3266 filiis
692 3205 724 3263 in
734 3205 886 3284 judicium
903 3217 1028 3263 vocatus
1044 3213 1096 3274 est,

142 3288 181 3348 35
196 3296 239 3358 ut,
254 3286 508 3366 quemadmodum
528 3294 630 3344 nostro
648 3307 730 3344 more
750 3284 830 3343 male
844 3306 905 3344 rem
922 3283 1097 3362 gerentibus

195 3367 333 3446 patribus
349 3367 434 3426 bonis
448 3365 589 3426 interdici
603 3365 688 3438 solet,
700 3365 743 3426 sic
754 3364 842 3424 illum
852 3364 938 3444 quasi
950 3363 1097 3442 desipien-
