2524 3712
389 151 426 198 M.
451 151 603 197 TULLII
626 147 856 196 CICERONIS

182 309 296 389 optime
307 316 360 379 est,
371 326 489 366 mecum
501 304 729 375 incommodius,
739 323 828 382 quem
839 301 939 362 iuerat
949 302 1083 382 aequius,
1129 311 1140 396 ’,Ι
1153 363 1156 369 ,

182 399 217 450 ut
244 389 328 468 prius
358 387 543 458 introierim,
568 387 611 444 sic
638 385 722 463 prius
746 383 829 442 exire
850 383 888 442 de
908 383 982 443 vita.
1024 383 1084 443 Sed

182 478 284 530 tamen
309 465 519 527 recordatione
543 476 664 530 nostrae
689 462 841 522 amicitiae
864 463 907 521 sic
931 461 1025 534 fruor,
1050 470 1085 521 ut

182 548 269 608 beate
296 546 409 609 vixisse
437 545 552 615 videar,
582 544 654 622 quia
682 563 750 602 cum
779 542 920 619 Scipione
943 541 1083 614 vixerim,

149 631 313 708 liquocum
337 626 413 687 mihi
440 625 601 702 conjuncta
630 643 704 681 eura
726 622 764 680 de
787 621 912 699 publica
939 642 972 682 re
993 630 1024 682 et
1047 621 1085 682 de

183 711 305 788 privata
325 707 393 779 fuit,
412 724 543 784 quocum
565 713 596 762 et
617 702 723 762 domus
743 701 803 761 fuit
824 710 853 760 et
875 701 987 762 militia
1007 722 1085 761 corn-

184 789 283 848 munis
303 796 332 848 et
353 788 395 859 id,
417 788 449 845 in
471 805 530 863 quo
552 791 597 843 est
619 783 715 842 omnis
733 781 780 841 vis
800 781 960 854 amicitiae,
978 781 1084 842 volun-

183 878 291 940 tatum,
320 867 499 937 studiorum,
528 863 747 924 sententiarum
775 881 893 921 summa
920 861 1083 922 consensio.

179 947 292 1026 Itaque
306 968 368 1007 uon
383 958 446 1007 tam
460 947 519 1006 ista
534 964 583 1004 me
597 943 771 1022 sapientiae,
787 961 878 1019 quam
897 941 986 1001 modo
1003 940 1084 1000 Fan·

131 1035 170 1095 10
183 1028 251 1088 nius
272 1027 529 1098 commemoravit,
544 1025 628 1084 fama
649 1022 789 1096 delectat,
805 1021 882 1080 l'alsa
895 1022 1084 1100 praesertim,

183 1128 273 1186 quam
288 1107 369 1186 quod
382 1107 536 1167 amicitiae
549 1116 671 1164 nostrae
686 1103 861 1162 memoriam
875 1123 962 1180 spero
976 1101 1085 1182 sempi-

183 1198 300 1268 ternam
315 1191 378 1248 fore
387 1209 395 1260 ;
416 1187 507 1267 idque
522 1207 557 1247 eo
572 1185 650 1244 mihi
665 1185 761 1263 magis
776 1192 821 1243 est
836 1182 929 1254 cordi,
944 1182 1025 1261 quod
1043 1201 1083 1242 ex

184 1268 322 1328 omnibus
336 1267 464 1328 saeculis
484 1267 539 1327 vix
563 1266 624 1326 tria
647 1275 702 1325 aut
717 1274 860 1343 quattuor
884 1265 1083 1324 nominantur

183 1349 269 1426 paria
283 1348 530 1424 amicorumque
544 1346 576 1405 in
591 1367 699 1425 genere
714 1366 834 1424 sperare
849 1345 954 1406 videor
968 1342 1081 1423 Scipio·

131 1434 169 1494 15
184 1429 230 1486 nis
245 1436 275 1487 et
289 1427 388 1486 Laelii
403 1427 570 1486 amicitiam
585 1435 689 1486 uotam
705 1425 874 1504 posteritati
890 1424 962 1485 fore.

224 1507 383 1567 Firmus.
412 1505 495 1566 Istuc
523 1507 654 1584 quidem,
685 1506 781 1579 Laeli,
810 1505 855 1564 ita
881 1525 1000 1576 neeesse
1028 1513 1083 1568 est.

183 1586 252 1660 Sed,
267 1588 410 1666 quoniam
431 1587 584 1646 amicitiae
605 1590 789 1646 mentionem
811 1585 909 1646 fecisti
929 1596 959 1647 et
979 1606 1084 1661 sumus

183 1668 280 1740 otiosi,
300 1676 474 1746 pergratum
503 1667 579 1725 mihi
607 1666 864 1745 feceris—spero
893 1668 967 1727 item
995 1665 1089 1726 Scae*¹

183 1747 371 1820 volae-si,
396 1747 651 1826 quemadmodum
680 1747 756 1807 soles
784 1746 822 1806 de
851 1748 956 1808 ceteris
983 1745 1081 1820 rebus,

131 1835 170 1896 20
184 1847 277 1906 quum
292 1848 330 1886 ex
345 1836 374 1887 te
390 1828 553 1905 quaeritur,
568 1827 611 1886 sic
626 1827 664 1886 de
679 1827 814 1888 amicitia
830 1827 993 1906 disputaris
1008 1825 1082 1906 quid

183 1908 303 1978 sentias,
318 1906 438 1985 qualem
454 1906 615 1979 existimer,
632 1927 709 1986 quae
725 1917 886 1986 praecepta
901 1908 961 1969 des.

223 1985 405 2047 SunavoLA.
427 1986 508 2046 Mihi
518 2007 604 2057 vero;
620 1999 711 2064 atque
722 1987 755 2046 id
767 1989 864 2065 ipsum
877 2009 969 2068 quum
981 1997 1083 2048 tecum

183 2085 272 2146 agere
306 2086 439 2138 conarer,
467 2065 605 2125 Fannius
641 2067 813 2128 antevertit.
875 2069 1082 2144 Quamobrem

183 2146 304 2224 utrique
319 2155 455 2214 nostrum
470 2155 592 2223 gratum
607 2147 772 2205 admodum
787 2147 901 2209 feceris

131 2235 212 2321 251
224 2225 264 2287 V.
286 2227 439 2285 Lnanlus.
461 2225 530 2303 Ego
543 2246 615 2286 vero
630 2246 691 2284 non
709 2248 863 2305 gravarer,
877 2229 902 2289 si
923 2229 999 2288 mihi
1019 2228 1083 2309 ipse

184 2305 362 2366 confiderem
373 2326 381 2376 ;
402 2326 474 2364 nam
494 2315 525 2364 et
544 2305 704 2384 praeclara
725 2328 771 2366 res
792 2317 845 2380 est,
867 2319 897 2370 et
917 2330 1029 2382 sumus,
1047 2319 1083 2370 ut

183 2386 264 2445 dixit
279 2385 529 2458 Fanniusotiosi.
572 2386 631 2446 Sed
646 2387 714 2465 quis
728 2409 783 2466 ego
798 2409 863 2447 sum
879 2397 1084 2467 autquaeest
1155 2434 1158 2440 -

184 2466 217 2524 in
232 2485 279 2524 me
293 2464 443 2524 facultas?
472 2465 641 2525 Doctorum
656 2477 700 2526 est
715 2468 772 2527 ista
784 2468 976 2540 consuetude,
988 2489 1084 2548 eaque

184 2544 380 2616 Graecorum,
396 2555 430 2604 ut
447 2545 484 2604 iis
499 2555 631 2623 ponatur
645 2547 683 2606 de
698 2568 756 2625 quo
771 2548 927 2626 disputent
942 2550 1083 2626 quamvis

131 2631 171 2692 30
184 2625 291 2686 subito.
326 2624 482 2703 lllagnum
498 2645 573 2704 opus
587 2639 632 2685 est
646 2637 771 2706 egetque
786 2628 1003 2688 exercitatione
1022 2649 1084 2690 non

184 2725 288 2785 parva.
331 2705 538 2780 Quamobrem
554 2725 632 2784 quae
646 2706 795 2784 disputari
812 2707 850 2767 de
868 2708 1005 2768 amicitia
1058 2729 1084 2770 s·

183 2795 263 2859 sunt,
278 2784 317 2844 ab
335 2786 371 2844 iis
391 2805 496 2843 censeo
511 2787 629 2862 petatis,
645 2787 697 2864 qui
713 2787 770 2846 ista
784 2787 971 2865 profitentur.
1045 2810 1083 2868 go

183 2887 237 2928 vos
260 2865 374 2924 hortari
399 2873 519 2924 tantum
541 2885 671 2943 possum,
692 2875 726 2925 ut
749 2867 916 2926 amicitiam
944 2868 1084 2930 omuibus

184 2946 273 3005 rebus
307 2945 448 3005 humanis
483 2946 691 3022 anteponatis;
726 2946 806 3005 nihil
838 2957 881 3006 est
909 2948 990 3006 enim
1019 2959 1082 3008 tam

132 3031 170 3090 35
184 3038 312 3084 naturae
326 3033 442 3104 aptum,
457 3033 521 3084 tam
543 3025 724 3084 conveniens
745 3026 784 3084 ad
807 3046 852 3085 res
866 3026 915 3086 vel
937 3029 1085 3090 secundas

185 3105 232 3166 vel
252 3105 402 3165 adversas.
444 3103 503 3163 Sed
524 3103 581 3162 hoc
603 3105 735 3181 primurn
756 3105 861 3178 sentio,
877 3106 934 3164 nisi
950 3107 982 3166 in
999 3108 1084 3168 bouis

184 3184 352 3244 amicitiam
366 3202 503 3242 essenon
518 3203 619 3259 posse;
641 3202 737 3260 neque
751 3185 783 3242 id
798 3183 837 3242 ad
852 3185 958 3245 vivum
975 3206 1084 3260 reseco,

185 3272 219 3322 ut
234 3263 290 3334 illi,
306 3262 358 3339 qui
378 3261 451 3319 haec
472 3260 614 3320 subtilius
634 3261 792 3335 disserunt,
808 3263 933 3324 fortasse
947 3285 1018 3328 vere
1031 3267 1084 3328 sed

185 3341 225 3402 ad
240 3360 430 3402 communem
445 3339 609 3400 utilitatem
623 3361 746 3420 parum;
760 3353 874 3422 negant
887 3345 969 3406 enim
983 3365 1085 3425 quem-
