2524 3712
488 181 705 230 ussurus.
1055 165 1099 227 49

134 315 242 397 'Hunc
263 337 355 397 etiam
378 343 445 416 post
465 345 591 397 mortem
612 337 708 397 secuti
727 336 818 396 amici
836 344 866 398 et
882 336 1044 416 propinqui

147 417 222 495 quid
236 418 270 476 in
284 417 318 477 P.
335 417 475 496 Scipione
490 417 642 476 effecerint
661 417 726 476 sine
746 417 879 476 lacrimis
894 438 954 477 non
968 437 1045 494 queo

147 499 256 556 dicere.
295 496 378 556 Nam
389 497 568 568 Carbonem,
580 516 770 575 quocumque
781 497 870 556 modo
882 497 1044 574 potuimus

169 585 271 654 ropter
295 585 445 636 recentem
465 595 593 654 poenam
616 575 660 635 Ti.
683 575 815 635 Gracchi
840 577 1044 636 sustinuimus,

181 654 243 715 eC.
260 655 394 716 Gracchi
414 664 516 714 autem
533 654 691 714 tribunatu
707 655 781 732 quid
798 665 969 733 exspectem
983 676 1044 715 non
1080 656 1099 714 5

148 734 223 794 libet
237 734 390 812 augurari.
432 734 532 812 Serpit
543 735 653 794 deinde
667 755 722 806 res,
734 755 811 812 quae
825 734 991 813 proclivius
1005 735 1045 794 ad

147 814 321 892 perniciem,
342 835 437 892 quum
460 813 552 874 semel
577 815 686 892 coepit,
706 813 829 874 labitur.
872 814 993 874 Videtis
1014 815 1046 873 in

147 892 263 953 tabella
269 894 334 972 jam
346 903 417 953 ante
428 905 543 972 quanta
555 895 597 954 sit
610 895 692 954 facta
700 894 792 966 labes,
803 894 901 974 primo
912 893 1047 954 Gabinia

147 972 222 1050 lege,
239 973 360 1033 biennio
375 983 476 1033 autem
491 985 558 1052 post
572 974 684 1034 Cassia.
726 973 840 1035 Videre
855 976 921 1052 jam
943 973 1048 1034 videor

148 1053 295 1133 populum
316 1074 335 1112 a
353 1063 462 1114 senatu
483 1053 677 1132 disjunctum,
693 1054 898 1113 multitudinis
918 1053 1045 1112 arbitrio
1061 1054 1100 1115 10

148 1154 194 1193 res
216 1133 366 1192 maximas
387 1134 446 1212 agi.
488 1133 596 1193 Plures
616 1136 697 1194 enim
719 1134 835 1194 discent
856 1133 1046 1212 quemadmo-

149 1213 222 1273 dum
236 1214 311 1273 baec
325 1213 410 1285 fiant,
425 1235 517 1292 quarn
536 1215 791 1292 quemadmodum
814 1213 860 1272 his
881 1215 1045 1272 resistatur.

149 1293 302 1368 Quorsum
328 1293 423 1353 haec?
464 1294 549 1371 Quia
572 1295 636 1354 sine
656 1295 744 1354 sociis
767 1313 855 1352 nemo
880 1292 1053 1370 quidquam.

150 1373 211 1432 tale
225 1383 360 1434 conatur.
404 1373 657 1453 Praecipiendum
676 1383 722 1434 est
743 1373 837 1451 igitur
857 1372 942 1432 bonis
964 1381 1006 1442 ut,
1020 1371 1047 1431 si

149 1452 182 1510 in
202 1453 350 1531 ejusmodi
370 1453 520 1513 amicitias
542 1454 640 1532 ignari
661 1473 732 1513 casu
754 1452 857 1530 aliquo
875 1453 1046 1524 inciderint,
1062 1456 1101 1514 15
1181 1518 1185 1526 ,

149 1551 188 1590 ne
209 1533 383 1593 existiment
398 1534 442 1592 ita
455 1554 486 1592 se
500 1533 650 1611 alligatos,
666 1543 700 1592 ut
714 1531 754 1592 ab
767 1532 873 1592 amicis
888 1532 921 1590 in
935 1552 1048 1609 magna

150 1611 300 1690 aliquare
314 1613 509 1692 peccantibus
524 1633 584 1672 non
598 1613 772 1684 discedant;
787 1611 932 1690 improbis
945 1621 1048 1670 autem

150 1711 248 1769 poena
267 1693 430 1752 statuenda
450 1704 501 1764 est,
524 1712 579 1751 nec
600 1713 671 1753 vero
692 1692 791 1751 minor
812 1691 858 1764 iis,
878 1692 931 1769 qui
952 1690 1047 1750 secuti

150 1780 241 1830 erunt
261 1771 401 1844 alterum,
415 1793 507 1851 quam
529 1772 575 1844 iis,
596 1772 650 1850 qui
671 1772 729 1850 ipsi
750 1773 863 1830 fuerint
884 1771 1048 1848 impietatis

150 1851 251 1910 duces.
293 1851 372 1927 Quis
396 1853 507 1912 clarior
531 1852 563 1910 in
588 1850 719 1912 Graecia
738 1851 961 1910 Themistocle?
980 1850 1048 1928 quis
1063 1853 1102 1914 20

151 1931 324 2009 potentior?
343 1931 405 2010 qui,
420 1953 515 2010 quum
534 1932 697 2010 imperator
717 1930 798 1990 bello
815 1929 936 1990 Persico
956 1930 1048 1990 servi·

150 2019 217 2070 tute
238 2010 399 2070 Graeciam
421 2011 619 2084 liberavisset,
640 2021 822 2126 proptprque
845 2010 993 2071 invidiam
1015 2010 1048 2068 in

151 2089 292 2148 exsilium
316 2091 462 2170 expulsus
485 2099 570 2164 esset,
594 2091 737 2170 ingratae
782 2091 877 2150 atriae
905 2090 1048 2169 injuriam

151 2189 213 2228 non
240 2170 321 2242 tulit,
350 2192 441 2249 quam
468 2170 547 2231 ferre
573 2170 688 2244 debuit.
744 2112 831 2230 Fpecit
858 2170 939 2230 idem
967 2170 1049 2248 quod

151 2248 263 2326 viginti
275 2252 364 2310 annis
378 2260 449 2311 ante
462 2251 546 2329 apud
559 2271 615 2310 nos
633 2250 746 2310 fecerat
760 2249 947 2311 Coriolanus.
988 2249 1048 2309 His
1063 2253 1102 2312 25

151 2329 275 2404 adjutor
300 2340 405 2390 contra
429 2331 560 2408 patriam
585 2332 727 2391 inventus
752 2339 796 2390 est
821 2351 925 2402 nemo;
947 2330 1049 2408 itaque

152 2419 280 2468 mortem
300 2409 359 2469 sibi
380 2419 506 2490 uterque
526 2411 681 2471 conscivit.
724 2411 828 2486 Quare
849 2409 919 2469 talis
939 2410 1049 2487 impro-

152 2488 262 2548 borum
291 2491 444 2550 consensio
473 2511 533 2550 non
561 2491 650 2550 modo
678 2491 872 2550 excusatione
896 2490 1049 2548 amicitiae

152 2569 282 2646 tegenda
295 2591 356 2629 non
371 2579 423 2642 est,
435 2571 487 2630 sed
499 2571 598 2651 potius
611 2570 760 2648 supplicio
770 2569 852 2628 omni
863 2569 1049 2630 vindicanda

152 2659 205 2720 est,
222 2659 314 2730 utne
334 2651 400 2728 quis
422 2671 594 2710 concessum
614 2659 701 2729 putet
722 2651 855 2708 amicum
868 2648 1048 2718 velbcllum
1064 2653 1102 2712 30

151 2727 270 2808 patriae
291 2730 581 2809 inferentem'seqni.
624 2729 714 2806 Quod
736 2729 867 2807 quidem,
883 2737 917 2786 ut
938 2749 983 2787 res
1005 2729 1049 2787 ire

152 2809 260 2886 eoepit,
280 2809 364 2869 haud
385 2812 447 2870 scio
468 2831 509 2870 an
531 2811 695 2889 aliquando
720 2809 857 2868 futurum
878 2809 926 2868 sit.
968 2807 1048 2867 Mihi

151 2898 254 2947 autem
268 2909 330 2950 nou
344 2890 454 2950 minori
474 2891 564 2950 curae
584 2900 636 2962 est,
652 2889 750 2968 qualis
770 2909 816 2948 res
836 2889 962 2966 publiea
981 2897 1049 2968 post

151 2977 279 3028 mortam
295 2991 392 3030 meam
406 2970 519 3042 futura,
534 2991 626 3048 quam
642 2970 741 3047 qualis
756 2968 846 3028 hodie
859 2969 907 3029 sit.
945 3040 951 3054 ἱ

148 3038 290 3126 lell.
306 3049 395 3108 Haec
406 3050 500 3128 igitur
510 3051 608 3128 prima
617 3049 668 3108 lex
678 3049 831 3108 amicitiae
840 3049 1004 3121 sanciatur,
1013 3057 1048 3108 ut
1063 3051 1102 3110 35

145 3127 192 3186 ‘ab
206 3129 311 3188 amicis
325 3129 450 3189 honesta
463 3139 609 3207 petamus,
625 3129 792 3188 amicorum
813 3148 903 3187 causa
923 3129 1049 3188 honesta

151 3205 317 3281 faciamus;
337 3229 376 3269 ne
404 3217 610 3286 exspectemus
639 3209 769 3286 quidem,
797 3207 871 3266 dum
898 3228 1047 3285 rogemur,

150 3287 288 3347 studium
314 3308 431 3366 semper
458 3288 546 3358 adsit,
575 3288 730 3346 cunctatio
758 3286 855 3346 absit:
887 3287 1048 3346 consilium

151 3385 223 3428 vero
247 3367 510 3494 ἕατθσαυὲἰεὲωυξ
537 3365 640 3440 libere,
666 3367 833 3444 plurimum
857 3365 890 3422 in
912 3365 1048 3423 amicitia

272 3473 306 3482 -··
334 3460 364 3494 lc.
399 3460 412 3491 θ
444 3479 450 3491 .
