2524 3712
157 163 201 228 64
401 181 438 229 n.
469 181 637 227 runnu
667 181 924 230 0100110010
981 178 1023 260 i„

209 335 340 407 tionem;
367 336 506 414 quamvis
534 338 616 397 enim
643 338 748 398 multis
776 339 950 400 nominibus
978 347 1023 402 est
1051 339 1111 401 hoc

209 417 321 476 vitium
335 417 504 476 notandum
517 415 633 479 levium
647 418 806 478 hominum
827 430 919 497 atque
939 419 1110 493 fallacium,

210 496 250 555 ad
265 495 456 556 voluntatem
469 496 658 574 loquentium
670 498 781 571 omnia,
791 497 869 557 nihil
885 499 925 558 ad
936 500 1109 561 veritatem.

211 575 316 651 Quum
330 583 433 634 autern
448 577 586 636 omnium
599 598 701 636 rerum
715 578 871 638 simulatio
886 579 998 638 vitiosa
1018 588 1111 639 001-

177 654 293 715 5tollit
320 655 402 714 enim
424 656 576 735 judicium
604 658 669 717 veri
698 657 789 734 idque
817 657 1110 730 adulterat-tum

210 734 363 796 amicitiae
384 745 536 815 repugnat
556 737 706 808 maxime;
731 737 813 797 delet
833 737 915 796 enim
936 739 1109 812 veritatem,

210 815 275 874 sine
295 835 357 894 qua
376 836 486 876 nomen
508 816 661 876 amicitiae
675 817 777 877 valere
796 837 857 876 non
874 825 982 895 potest.
1024 817 1109 878 Nam

232 914 305 954 uum
320 895 473 958 amicitiae
489 897 534 957 vis
555 897 595 956 sit
615 897 647 956 in
668 917 712 969 eo,
728 905 762 956 01
781 917 859 956 0000
879 897 966 975 quasi
987 898 1108 958 animus

209 914 264 1034 101
285 995 324 1034 ex
344 975 492 1053 pluribus,
511 977 563 1054 qui
588 976 620 1035 id
646 975 711 1036 fieri
736 977 856 1054 poterit,
877 977 904 1036 si
928 997 967 1036 ne
990 977 1022 1036 in
1045 997 1107 1038 uno

158 1052 196 1113 10
210 1053 333 1131 quidem
354 1075 472 1133 quoque
494 1076 571 1115 unus
593 1057 713 1116 animus
735 1057 793 1116 erit
817 1056 957 1134 idemque
980 1077 1108 1136 semper,

209 1133 262 1193 sed
286 1134 399 1207 varius,
422 1135 654 1208 commutabilis,
684 1135 870 1214 multiplex?
912 1136 1005 1212 Quid.
1024 1137 1108 1197 enim

209 1221 308 1292 potest
327 1234 389 1273 esse
407 1224 471 1274 tam
493 1215 637 1287 flexibile,
652 1224 714 1276 tam
730 1215 863 1288 devium,
878 1236 971 1294 quam
985 1216 1107 1278 animus

209 1294 282 1372 ejus,
293 1293 346 1371 qui
357 1294 396 1352 ad
407 1293 531 1354 alterius
545 1316 606 1354 non
621 1296 710 1354 modo
723 1315 843 1354 sensum
857 1315 893 1354 ao
906 1296 1106 1371 voluntatem,

208 1373 260 1432 sed
275 1374 367 1432 etiam
382 1374 504 1434 vultum
519 1384 611 1453 atque
624 1385 733 1434 nutum
749 1376 958 1435 convertitur?

156 1512 195 1574 15
209 1515 294 1580 Negat
306 1517 374 1580 quis,
390 1533 472 1580 nego:
496 1497 542 1578 ait,
557 1518 613 1567 aio:
636 1523 769 1582 postremo
781 1517 911 1582 imperavi
924 1525 1027 1584 egomet
1039 1521 1106 1571 mihi

208 1583 302 1634 Omnia
313 1586 452 1644 assentari,

208 1710 244 1762 01
258 1702 302 1762 011
312 1702 396 1764 idem
409 1701 577 1776 Terentius,
592 1703 644 1764 sed
658 1703 712 1764 1110
726 1703 759 1762 10
771 1703 943 1766 Gnathonis
958 1726 1087 1784 persona
1095 1728 1104 1780 ;

207 1782 289 1860 quod
316 1783 408 1842 amici
436 1804 530 1862 genus
561 1783 706 1843 adhibere
734 1785 857 1844 omnino
886 1784 1021 1844 levitatis
1049 1796 1102 1847 est.

208 1861 301 1922 Multi
316 1872 417 1922 autem
432 1863 630 1922 Gnathonum
646 1863 758 1922 similes
773 1884 867 1941 quum
882 1864 943 1922 sint
956 1865 1033 1937 loco,
1044 1865 1104 1924 for-

154 1937 195 2000 20
208 1951 293 2014 tuna,
314 1942 397 2001 10010
417 1943 592 2020 superiores,
607 1943 716 2002 horum
730 1953 775 2002 001
789 1942 951 2002 assentatio
966 1945 1102 2017 molesta,

208 2039 302 2098 quum
331 2021 370 2080 ad
397 2023 565 2082 vanitatem
594 2022 719 2082 accessit
750 2021 924 2082 auctoritas.
979 2022 1103 2084 Secerni

207 2109 310 2160 autem
322 2099 451 2160 blandus
465 2101 580 2160 amicus
595 2121 614 2160 0
624 2121 697 2162 vero
712 2112 742 2161 et
756 2101 918 2161 internosci
929 2110 993 2162 tam
1005 2113 1103 2180 potest

207 2180 347 2263 adhibita
361 2180 521 2258 diligentia
535 2201 627 2258 quam
641 2181 744 2241 omnia
757 2179 863 2241 100010
876 2190 907 2241 01
919 2181 1064 2252 simulata
1083 2203 1103 2243 a

206 2259 330 2320 sinceris
350 2268 442 2338 atque
457 2261 543 2320 veris.
586 2261 704 2334 Contio,
719 2281 796 2339 quae
817 2282 856 2320 ex
871 2261 1102 2340 imperitissimis

148 2337 193 2398 25
207 2348 334 2412 constat,
346 2349 449 2399 tamen
459 2340 599 2419 judicare
606 2340 694 2413 solet,
705 2341 778 2419 quid
789 2340 908 2401 intersit
919 2341 998 2401 inter
1007 2362 1102 2420 popu-

206 2419 310 2492 larem,
325 2419 424 2492 idest,
439 2429 653 2481 assentatorem
674 2429 704 2481 et
724 2421 823 2482 levem
843 2422 951 2494 civem,
968 2430 999 2480 01
1019 2422 1102 2482 10101

206 2508 393 2558 constantem
407 2509 438 2560 et
451 2520 589 2561 severum
604 2509 634 2560 et
647 2521 781 2578 gravem.
811 2500 931 2578 Quibus
942 2500 1102 2562 blanditiis

206 2578 240 2639 Ο.
256 2577 397 2658 Papirius
410 2600 508 2658 nuper
522 2580 670 2640 influebat
685 2581 718 2640 in
732 2601 819 2640 aures
834 2581 990 2653 contionis,
1006 2599 1101 2659 quum

205 2659 298 2719 ferret
311 2660 408 2738 legem
423 2660 461 2719 de
478 2659 608 2720 tribunis
627 2660 725 2739 plebis
746 2661 933 2720 reficiendisl
976 2659 1100 2720 Dissua-

151 2736 192 2797 30
205 2739 298 2800 simus
311 2760 382 2811 nos;
403 2740 454 2800 sed
469 2740 547 2799 nihil
562 2741 599 2800 de
613 2761 671 2813 me,
685 2740 723 2800 do
736 2739 877 2818 Scipione
891 2740 990 2799 dicam
1006 2740 1102 2818 liben-

204 2820 274 2880 tius.
317 2819 443 2896 Quanta
476 2820 534 2893 illi,
562 2821 594 2881 di
622 2820 825 2880 immortales!
860 2819 921 2880 1011
954 2819 1099 2898 gravitas,

226 2907 320 2958 001110
335 2902 367 2958 10
381 2900 517 2960 01011000
531 2902 687 2980 majestasl
708 2910 744 2960 ut
760 2899 850 2959 100110
867 2899 975 2958 ducem
993 2899 1100 2979 populi

205 2919 347 3051 1001001,
362 2999 423 3039 000
445 2981 584 3039 comitem
605 2980 728 3040 diceres.
770 2979 829 3040 Sed
851 2979 988 3052 affuistis,
1006 2989 1036 3040 et
1054 2989 1101 3040 est

205 3058 237 3116 in
260 3057 400 3118 manibus
423 3059 529 3119 oratio.
571 3059 680 3138 Itaque
701 3061 753 3119 lex
772 3058 928 3138 popularis
948 3059 1100 3137 suffragiis

152 3135 191 3194 35
204 3137 311 3218 populi
339 3138 500 3216 repudiata
527 3147 580 3198 est.
621 3139 734 3216 Atque,
762 3150 797 3199 ut
824 3139 864 3198 ad
891 3159 939 3198 me
967 3139 1099 3212 redeam,

204 3215 391 3286 meministis,
407 3217 447 3294 Q.
461 3215 600 3276 Maximo
619 3218 713 3277 fratre
731 3218 880 3296 Scipionis
901 3227 933 3279 et
952 3217 988 3278 L.
1011 3217 1100 3277 Man·

205 3294 274 3354 cino
288 3294 470 3366 oonsulibus,
482 3315 573 3373 quam
588 3296 743 3373 popularis
758 3297 809 3355 lex
823 3297 861 3356 de
874 3297 1050 3357 sacerdotiis
1064 3297 1099 3358 O.

204 3371 317 3434 Licinii
332 3372 432 3432 Crassi
445 3372 624 3434 videbatur!
641 3375 791 3453 cooptatio
805 3376 886 3435 enim
901 3375 1100 3455 collegiorum
