2524 3712
142 184 184 249 24
381 204 419 252 u.
449 205 616 252 runnu
646 209 903 256 crcnaours

193 359 322 432 ordines,
351 361 486 439 capitum
516 363 646 441 jugatio,
674 365 814 443 religatio
848 375 878 425 et
912 368 1092 445 propagatio

192 439 313 512 vitium,
328 451 546 502 sarmentorum
565 463 609 515 ea,
627 464 718 522 quam
740 445 816 512 dixi.
836 445 964 504 aliorum
987 467 1090 526 ampu-

192 520 277 590 tatio,
292 519 420 580 aliorum
437 522 590 583 immissio.
633 523 717 599 Quid
732 545 787 602 ego
802 525 1001 602 irrigationes
1016 527 1089 605 quid

191 598 334 660 fossiones
353 600 419 678 agri
434 602 743 681 repastinationesque
757 604 917 682 proferam,
933 607 1041 683 quibus
1057 607 1092 666 fit

159 678 290 742 smalto
318 689 399 739 terra
426 681 603 741 fecundior?
645 683 729 758 Quid
757 684 795 742 de
822 685 955 744 utilitate
983 685 1090 763 loquar

191 760 400 819 stercorandi?
427 760 504 820 Dixi
519 762 550 819 in
565 782 599 821 eo
614 762 693 822 libro
709 783 797 840 quem
814 764 851 823 de
866 763 954 824 rebus
969 767 1090 826 rusticis

190 837 313 920 scripsi;
335 839 373 899 dc
392 860 453 918 qua
467 840 573 901 doctus
594 842 745 902 Hesiodus
767 863 804 902 ne
819 844 949 904 verbum
966 846 1087 922 quidem

191 917 272 990 fecit,
282 939 375 997 quum
385 919 423 979 dc
432 920 552 981 cultura
564 921 629 998 agri
640 922 785 982 scriberet
795 945 801 993 ;
822 933 854 983 at
865 923 1025 996 Homerus,
1036 925 1089 1003 qui

191 998 304 1069 multis,
324 1008 359 1058 ut
379 999 454 1058 mihi
474 1001 603 1072 videtur,
622 1011 693 1061 ante
713 1003 840 1062 saeculis
861 1004 929 1075 fuit,
945 1003 1088 1064 Laertam

140 1083 177 1143 lt]
191 1079 353 1138 lenientem
369 1079 560 1153 desiderium,
574 1082 655 1158 quod
670 1081 809 1161 capiebat
823 1104 839 1142 c
853 1083 925 1156 filio,
941 1083 1087 1144 colentem

192 1178 299 1235 agrum
323 1171 353 1218 et
375 1181 442 1218 euru
467 1170 680 1220 stuprantem
707 1149 788 1222 facit.
830 1163 896 1223 Nec
918 1183 990 1224 vero
1010 1184 1089 1241 sege-

191 1239 273 1297 tibus
287 1239 384 1298 solum
400 1248 429 1299 et
444 1243 537 1318 pratis
556 1250 586 1300 ct
601 1241 696 1301 vincis
710 1251 741 1302 et
754 1241 884 1302 arbustis
899 1263 945 1302 res
960 1245 1089 1303 rusticae

190 1318 289 1378 lactas
303 1328 383 1391 suut,
397 1318 448 1378 sed
470 1320 565 1380 hortis
586 1321 677 1380 etiam
699 1331 730 1382 et
751 1323 903 1400 pomariis,
918 1333 983 1383 tum
999 1344 1088 1402 pecu-

190 1399 264 1457 dum
279 1408 377 1477 pastu,
391 1399 493 1478 apium
509 1401 709 1473 exarninibus
720 1402 828 1461 florum
843 1403 977 1462 omnium
993 1404 1089 1464 varie·

138 1481 176 1542 15
191 1488 260 1538 tate.
303 1479 368 1538 Nec
383 1481 562 1540 consitiones
577 1481 666 1540 modo
681 1482 843 1554 delectant,
859 1483 910 1542 sed
931 1485 1022 1543 etiam
1045 1484 1089 1542 in-

190 1558 321 1632 sitiones,
336 1560 446 1639 quibus
461 1560 538 1619 nihil
553 1561 671 1621 invenit
685 1563 752 1640 agri
766 1562 886 1622 cultura
900 1563 1060 1630 sollertius.

229 1638 323 1700 XVI.
348 1640 473 1700 Possum
488 1642 627 1720 persequi
640 1642 793 1720 permulta
810 1642 1031 1702 oblectamenta
1046 1663 1088 1702 re-

189 1740 256 1779 rum
277 1721 469 1795 rusticarum,
484 1721 535 1780 sed
552 1741 588 1782 ea
606 1722 680 1799 ipsa,
696 1741 773 1800 quae
794 1722 869 1794 dixi,
881 1721 977 1781 sentio
998 1723 1088 1782 fuisse

190 1801 335 1878 longiora.
378 1801 543 1878 Ignoscetis
565 1811 685 1874 autem;
713 1822 784 1860 nam
809 1812 839 1862 et
862 1802 962 1862 studio
986 1823 1087 1861 rerum

136 1883 176 1944 20
190 1881 373 1940 rusticarum
403 1903 465 1960 pro·
480 1893 561 1941 ectus
590 1902 666 1952 sum,
690 1889 721 1942 ct
747 1881 884 1942 senectus
908 1891 952 1941 est
977 1891 1088 1941 natura

189 1962 353 2040 loquacior,
368 1982 405 2022 ne
420 1961 458 2020 ab
474 1961 613 2022 omnibus
627 1982 691 2020 eam
709 1961 791 2023 vitiis
805 1963 912 2022 videar
922 1962 1087 2022 vindicare,

189 2041 272 2120 Ergo
293 2041 324 2100 in
346 2041 405 2101 hac
426 2043 490 2102 vita
511 2042 563 2102 Μ’.
587 2042 705 2113 Curius,
720 2062 812 2120 quum
833 2042 871 2102 de
890 2040 1087 2113 Samnitibus,

188 2122 226 2182 de
253 2121 383 2195 Sabinis,
405 2123 443 2182 de
471 2122 591 2200 Pyrrho
618 2122 877 2200 triumphavisset,
899 2121 1085 2198 consumpsit

187 2212 357 2262 extremum
373 2211 491 2281 tempus
506 2203 620 2262 aetatis.
663 2201 757 2280 Cujus
771 2202 892 2279 quidem
908 2221 963 2280 ego
977 2201 1084 2261 villam

135 2281 174 2344 25
189 2282 540 2361 contemplans-abest
568 2283 648 2342 enim
677 2302 738 2341 non
766 2281 855 2359 longe
883 2302 902 2341 a
929 2280 1085 2362 nae-adj

187 2363 293 2421 mirari
307 2363 380 2422 satis
394 2383 454 2422 non
471 2383 588 2442 possum
605 2361 654 2422 vel
669 2361 799 2421 hominis
820 2361 912 2440 ipsius
933 2361 1086 2420 continen-

187 2442 262 2501 tiam
286 2443 336 2504 vcl
362 2439 540 2521 temporum
557 2441 758 2520 disciplinam.
800 2440 893 2502 Curio
920 2441 958 2499 ad
985 2441 1085 2500 focum

188 2523 304 2582 sedenti
319 2543 463 2599 magnum
480 2523 545 2581 auri
564 2522 681 2600 pondus
696 2519 845 2580 Samnites
859 2540 951 2598 quum
968 2520 1086 2580 attulis-

188 2613 263 2675 sent,
278 2603 430 2680 repudiati
445 2612 532 2673 sunt;
556 2621 615 2662 non
637 2602 717 2660 enim
740 2621 848 2666 aurum
870 2600 981 2659 habere
1002 2621 1086 2678 prae-

133 2681 173 2744 30
188 2682 303 2741 clarum
320 2682 378 2742 sibi
395 2682 491 2742 videri
507 2682 596 2752 dixit,
611 2681 663 2740 scd
679 2681 724 2752 iis,
739 2681 790 2757 qui
807 2679 952 2738 baberent
966 2699 1084 2752 aurum,

187 2761 345 2840 imperare.
401 2762 564 2821 Poterat-nc
592 2769 695 2820 tantus
730 2759 848 2818 animus
882 2759 997 2817 efficere
1024 2779 1083 2818 nou

188 2842 359 2920 jucundam
381 2841 585 2901 senectutem?
627 2839 685 2899 Sed
705 2839 795 2899 venio
816 2838 855 2897 ad
876 2837 1032 2916 agricolas,
1047 2857 1085 2896 ne

186 2941 206 2980 a
226 2922 361 2998 meipso
383 2921 529 2979 recedam.
572 2919 609 2978 In
628 2920 710 2996 agris
730 2920 816 2978 erant
837 2928 901 2976 tum
924 2929 1083 2989 senatores,

186 3000 218 3059 id
233 3011 277 3060 cst
291 3021 391 3071 senes;
412 3000 556 3077 siqnidem
574 3000 672 3058 aranti
688 2999 725 3058 L.
741 2998 887 3074 Quinctio
902 2997 1084 3058 Cincinnato

132 3079 172 3140 35
186 3081 362 3140 nuntiatum
388 3088 522 3138 osteum
548 3079 726 3138 dictatorem
754 3098 816 3137 esse
844 3077 1084 3156 facttrn130ujus

186 3158 344 3219 dictatoris
354 3161 441 3237 jussu
455 3159 597 3236 magi-*ter
616 3159 753 3236 equitum
769 3157 803 3218 Ο.
818 3157 965 3218 Servilius
981 3157 1084 3216 Abala

186 3237 237 3316 Sp.
263 3237 419 3309 Maelium,
448 3257 573 3316 regnum
603 3246 804 3316 appetentem,
830 3247 1011 3316 occupatum
1041 3237 1084 3294 in-

187 3318 315 3377 teremit.
357 3316 388 3376 A
403 3316 480 3377 villa
500 3317 532 3375 in
553 3327 690 3376 senatum
709 3317 916 3376 arcessebatur
930 3329 959 3375 et
974 3316 1084 3376 Curius

187 3405 218 3456 et
232 3396 323 3458 ceteri
342 3416 443 3468 senes;
463 3416 503 3456 ex
523 3416 584 3475 quo
605 3397 657 3476 qui
679 3417 729 3458 eos
749 3396 940 3457 arcessebant
954 3396 1085 3457 viatores
