2524 3712
520 150 758 258 Qasr
1093 165 1137 230 so

186 332 258 396 licet
272 335 380 410 dicere,
392 333 427 397 P.
443 335 577 416 Scipioni
592 357 631 398 ex
646 337 749 398 multis
763 338 878 413 diebus,
889 359 964 418 quos
975 339 1008 399 in
1019 338 1085 400 vita

187 414 397 476 celeberrimos
418 415 656 496 laetissimosque
672 419 793 490 viderit,
814 419 904 478 illum
923 419 1005 478 diem
1026 417 1085 479 cla·

187 495 339 554 rissimum
366 495 466 568 fuisse,
491 516 586 574 quum
613 506 718 556 senatu
746 498 869 558 dimisso
893 499 1017 558 domum
1042 517 1086 557 re·

187 574 299 634 duetus
311 575 351 634 ad
362 595 520 652 vesperum
531 584 576 635 est
590 596 609 635 a
624 576 760 654 patribus
772 577 957 656 conscriptis,
971 577 1085 656 populo

188 652 338 727 Romano,
362 655 450 714 sociis
474 662 505 714 et
529 655 657 728 Latinis,
679 655 778 734 pridie
799 677 891 734 quam
915 658 1043 718 excessit
1067 677 1084 717 e
1119 663 1139 722 5

187 733 270 806 vita;
290 743 326 794 ut
350 754 389 793 ex
413 742 477 794 tam
501 734 565 793 alto
591 735 750 813 dignitatis
774 736 872 814 gradu
898 736 937 796 ad
962 756 1084 816 superos

186 813 330 873 videatur
344 813 414 874 deos
427 814 634 893 potiusquam
649 815 689 874 ad
703 814 814 875 inferos
828 816 1007 894 pervenisse.

227 891 286 953 IV.
312 892 421 972 Neque
447 894 529 953 enim
556 894 703 954 assentior
730 894 776 966 iis,
804 895 857 972 qui
881 895 960 956 liaeo
988 889 1086 974 nuper

187 972 332 1032 disserere
360 983 534 1052 coeperunt,
559 993 627 1032 cum
656 973 831 1053 corporibus
855 974 946 1034 simul
968 976 1085 1035 animos

187 1052 312 1113 interire
336 1063 427 1131 atque
449 1053 553 1114 omnia
574 1061 671 1114 morte
693 1053 796 1114 doleri.
839 1053 912 1115 Plus
933 1055 1015 1134 apud
1036 1075 1085 1115 me
1100 1062 1139 1122 10

187 1133 382 1212 antiquorum
397 1133 561 1194 auctoritas
571 1133 664 1206 valet,
673 1133 723 1194 vel
737 1142 909 1194 nostrorum
924 1136 1082 1215 majorum,

187 1212 240 1290 qui
254 1213 382 1272 mortuis
396 1222 460 1273 tam
474 1212 616 1292 religiosa
632 1213 705 1292 jura
724 1214 907 1287 tribuerunt,
922 1215 1003 1293 quod
1023 1235 1084 1274 nou

187 1291 327 1352 fecissent
348 1293 492 1373 profecto,
509 1293 535 1352 si
555 1292 636 1353 nihil
655 1293 695 1352 ad
716 1314 765 1353 eos
785 1293 936 1372 pertinere
956 1293 1084 1354 arbitra-

187 1381 309 1444 rentur;
329 1372 381 1434 vel
405 1393 518 1446 eorum,
540 1373 592 1452 qui
615 1373 648 1432 in
669 1372 729 1433 hae
750 1382 832 1434 terra
855 1373 979 1434 fuerunt
1003 1395 1084 1453 mug-

187 1471 320 1530 namque
340 1451 647 1532 Graeciam,÷qnae
667 1473 748 1512 nunc
768 1453 890 1532 quidem
911 1454 1011 1514 deleta
1031 1464 1084 1527 est,
1100 1459 1138 1520 15

186 1539 252 1592 tum
277 1531 618 1604 florebat—institutis
640 1541 672 1594 et
692 1533 859 1613 praeceptis
883 1533 944 1593 suis
970 1533 1085 1593 erudie-

186 1621 276 1684 runt;
298 1611 348 1673 vel
369 1613 442 1692 ejus,
456 1612 510 1690 qui
527 1612 683 1691 Apollinis
703 1613 826 1674 oraculo
846 1613 1084 1691 sapientissimus

186 1700 232 1752 est
247 1691 413 1771 judicatus,
428 1693 477 1752 cui
492 1713 553 1752 non
574 1700 640 1752 tum
664 1693 732 1766 hoc,
746 1703 812 1752 tum
837 1692 925 1765 illud,
950 1693 995 1752 uti
1023 1693 1084 1770 ple·

187 1771 296 1850 risque,
311 1771 363 1832 sed
381 1771 461 1831 idem
479 1792 605 1852 semper,
620 1773 736 1832 animos
753 1772 911 1832 homiuum
929 1793 991 1832 esse
1009 1772 1084 1833 divi-

186 1872 250 1924 nos,
265 1852 371 1930 iisque,
385 1872 480 1930 quum
494 1872 533 1911 ex
548 1871 673 1931 corpore
687 1853 890 1926 excessissent,
905 1851 1036 1912 reditum
1051 1852 1083 1911 in
1098 1857 1138 1919 20

187 1931 306 1991 caelum
318 1940 431 2010 patere,
440 1932 615 2011 optimoque
629 1941 660 1991 et
668 1932 833 2012 justissimo
845 1932 954 2011 cuique
964 1931 1084 2011 expedi·

187 2011 346 2071 tissimum.
389 2011 481 2087 Quod
502 2011 582 2070 idem
604 2011 740 2090 Scipioni
754 2011 927 2084 videbatur,
947 2012 1000 2090 qui
1021 2013 1084 2091 qui-

187 2089 265 2165 dem,
277 2091 364 2170 quasi
374 2091 568 2170 praesagiret,
579 2091 738 2170 perpaucis
749 2101 820 2151 ante
830 2101 957 2151 mortem
969 2091 1083 2165 diebus,

187 2191 280 2250 quum
302 2180 333 2231 et
354 2171 463 2234 Philus
484 2177 514 2231 ct
535 2170 682 2230 Manilius
702 2171 840 2231 adessent
857 2179 887 2230 et
903 2171 958 2230 alii
973 2171 1083 2250 plures,

187 2259 281 2330 tuque
314 2250 415 2324 etiam,
450 2249 607 2324 Scaevola,
634 2271 753 2310 mecum
780 2251 918 2323 venisses,
947 2251 1084 2311 triduum
1098 2257 1138 2317 25

187 2329 328 2390 disseruit
348 2330 386 2390 de
406 2351 439 2390 re
459 2330 592 2409 publica,
614 2330 699 2409 cujus
720 2330 934 2409 disputationis
954 2331 1014 2391 fuit
1033 2351 1084 2391 ex·

187 2418 317 2471 tremum
331 2410 394 2470 fere
407 2410 446 2469 de
459 2409 690 2470 immortalitate
709 2411 888 2483 animorum,
903 2431 980 2488 quae
1000 2431 1032 2471 se
1051 2411 1083 2470 in

187 2490 288 2568 quiete
302 2509 356 2569 per
369 2491 469 2551 visum
484 2511 522 2550 ex
537 2490 687 2549 Africano
701 2490 820 2568 audisse
834 2490 964 2550 dicebat.
1006 2490 1044 2551 Id
1058 2491 1083 2550 si

187 2569 232 2630 ita
245 2579 298 2642 est,
314 2578 349 2630 ut
362 2570 470 2648 optimi
485 2571 630 2649 cujusque
648 2569 768 2629 animus
782 2569 815 2628 in
829 2579 925 2630 morte
937 2570 1085 2631 'facillime

187 2649 287 2710 evolet
307 2658 464 2728 tamquam
485 2669 503 2708 e
523 2649 661 2710 custodia
680 2649 850 2727 vinclisque
871 2650 1012 2728 corporis,
1034 2651 1083 2710 cui
1099 2653 1138 2714 30

188 2749 341 2789 censemus
369 2749 491 2789 cursum
519 2729 560 2788 ad
587 2730 657 2789 deos
685 2729 856 2788 faciliorem
880 2729 972 2790 fuisse
992 2749 1084 2808 quam

187 2807 342 2888 Scipioni?
383 2809 535 2896 Quocirca
550 2829 683 2870 maerere
695 2808 754 2869 hoc
768 2809 831 2889 ejus
845 2819 956 2870 eventu
970 2831 1083 2882 vereor,

187 2907 226 2950 ue
251 2888 350 2948 invidi
374 2889 471 2966 magis
496 2908 588 2967 quam
615 2888 707 2950 aurici
734 2888 781 2949 sit.
823 2888 877 2950 Sin
902 2898 1003 2950 autem
1029 2890 1085 2950 illa

187 2968 315 3041 veriora,
330 2976 365 3028 ut
384 2969 466 3028 idern
486 2968 627 3033 interitus
641 2969 681 3028 sit
694 2969 864 3028 animorum
880 2977 1084 3048 etcorporum

186 3067 242 3108 nec
257 3047 340 3107 ullus
353 3068 455 3107 sensus
469 3057 600 3120 maneat,
616 3055 651 3107 ut
671 3047 749 3106 nihil
771 3047 844 3108 boni
865 3058 909 3109 est
928 3049 960 3107 in
979 3059 1083 3121 morte,
1100 3051 1138 3112 35

186 3127 230 3186 sic
251 3135 331 3187 certe
351 3127 430 3186 nihil
452 3126 535 3187 mali.
577 3126 672 3187 Sensu
697 3128 777 3186 enim
802 3127 910 3188 amisso
935 3129 970 3188 fit
994 3129 1084 3202 idem,

187 3206 273 3283 quasi
288 3215 377 3266 natus
392 3227 452 3266 non
463 3214 538 3266 esset
549 3207 681 3276 omnino,
693 3227 781 3284 quem
794 3216 894 3266 tamen
906 3228 968 3267 esse
977 3217 1085 3268 natum

187 3297 217 3344 et
231 3305 285 3344 nos
298 3285 465 3364 gaudemus
480 3295 510 3346 et
522 3286 600 3346 haec
613 3286 730 3358 civitas,
742 3285 815 3346 dum
829 3287 895 3358 erit,
910 3285 1084 3349 laetabitur.

188 3363 396 3441 Quamobrem
417 3384 487 3424 cum
507 3365 562 3425 illo
583 3365 715 3443 quidem,
729 3373 765 3424 ut
780 3384 873 3442 supra
890 3365 967 3437 dixi,
981 3375 1085 3424 actum
